3034 4834
847 194 1020 224 ⁸⁴‘·⁸⁰
1136 195 1198 227 ιο·

858 219 981 246 usn·
1020 227 1064 243 σο
1150 227 1159 244 ο

800 287 840 313 σό

743 291 800 352 1,
872 319 881 330 υ
915 314 924 326 ι
968 312 1064 345 οισι..
1095 311 1119 329 u
1147 316 1155 332 ς
1187 318 1221 335 .,

793 361 800 376 ¹
866 344 925 361 ’.ιο
968 345 1001 363 οι
1071 330 1196 365 Μ’...
1244 353 1253 366 ,

799 374 924 407 ινα...
968 363 1050 409 θ’...
1093 378 1127 405 0·
1174 375 1219 406 ..ὁ
1269 380 1272 391 ι

814 406 861 424 ⁰0
893 404 1002 425 ...Η
1054 408 1102 424 οι
1146 406 1155 420 ο
1188 409 1196 421 ι

378 486 576 572 Alexandri)
609 487 643 549 in
674 487 774 566 iram,
805 505 877 548 eum
909 483 960 566 hi,
991 482 1108 567 quibus
1131 482 1294 565 negotium

378 594 464 658 idem
491 592 639 676 dederat,
664 591 906 676 superveniunt.
942 589 1030 675 Hine
1053 588 1196 672 Bagoas,
1220 589 1295 651 hino

378 703 418 765 ab
442 722 479 765 eo
503 699 666 764 subornati
689 698 779 761 falsis
802 696 988 760 criminibus
1012 701 1170 781 oocupant
1192 716 1295 760 aures.

224 811 342 875 Oonier
374 809 465 872 sodes
495 828 550 889 ea,
582 827 663 890 qnae
692 806 773 888 §27
798 805 968 886 leguntur:
996 802 1166 886 „(Bagoas)
1190 802 1296 885 gentis

181 918 324 983 eiusdem
346 915 525 980 levissimos
549 913 639 976 falsis
662 911 856 975 oriminibus'
875 910 1035 973 adstruxit
1053 909 1206 992 monitos,
1227 915 1297 972 tum

180 1025 309 1090 demum
340 1044 378 1086 ea
409 1021 551 1103 deferre,
576 1040 655 1083 ,oum
686 1019 757 1103 ipse
785 1018 938 1081 iussisset.
980 1015 1116 1080 Interim
1148 1015 1297 1099 quotiens

180 1132 249 1195 sine
279 1129 407 1194 arbitris
438 1133 524 1210 erat,
556 1125 702 1190 eredulas
732 1124 818 1207 regis
849 1144 942 1187 aures
973 1122 1139 1208 inplebat'’
1165 1143 1192 1186 e.
1217 1145 1246 1206 q.
1271 1144 1295 1188 s.

180 1258 299 1321 neque,
332 1242 368 1299 ut
397 1235 528 1320 opinor,
559 1232 722 1297 dubitabis
752 1251 808 1316 pro
839 1230 948 1293 idem
980 1250 1105 1294 meeum
1129 1230 1297 1293 restituere

181 1343 354 1430 pridem.
637 1343 640 1352 “

181 1557 223 1624 Χ.
247 1560 274 1621 7.
297 1558 334 1619 4;
358 1555 448 1618 Tune
483 1553 603 1618 Pithon
640 1552 755 1638 plenus
784 1551 991 1615 lacrimarum
1020 1550 1144 1614 orditur
1173 1550 1298 1634 dicere,

340 1651 466 1725 '‘nunoss
478 1710 485 1725 .
501 1711 507 1725 .
522 1682 548 1725 .:
583 1680 701 1724 nomen
736 1658 823 1722 enim
853 1658 1103 1740 memoriamque
1134 1657 1218 1741 regis
1249 1658 1299 1720 sui

359 1774 485 1832 tantum
519 1767 683 1829 intuentes
717 1764 756 1828 ad
792 1771 898 1828 oetera
932 1764 1071 1847 caligare
1105 1764 1180 1847 eos’,
1210 1763 1297 1827 haud

359 1873 509 1956 ambigue
542 1873 583 1935 in
612 1872 782 1954 iuvenem,
814 1872 865 1935 oui
896 1891 1031 1954 regnum
1061 1871 1298 1954 destinabatur,

359 1980 509 2063 ingerens
528 1979 652 2064 probra.
681 1978 771 2053 Quae
790 1978 960 2061 obiecerat,
979 1977 1082 2060 magis
1100 1977 1163 2062 ipsi
1179 1977 1298 2059 odium,

360 2107 456 2169 quam
480 2085 662 2149 Arrhidaeo
685 2090 905 2169 contemptum
929 2084 1119 2148 attulerunt.

229 2195 383 2260 Oodioum
404 2214 477 2257 mss.
498 2194 577 2256 haee
598 2198 688 2255 sunt:
709 2191 818 2254 haud
841 2191 1035 2274 ambigue
1058 2191 1298 2254 iuvenem-

184 2303 363 2387 inpense
395 2300 547 2386 probra
577 2319 698 2382 quae,
729 2319 787 2384 pro
817 2297 933 2380 quibus
964 2297 1021 2361 alii
1043 2298 1108 2361 alia
1130 2317 1301 2383 proposue-

184 2415 276 2491 runt,
314 2407 412 2493 Jeep:
444 2404 890 2489 invenem—inpetiit
920 2404 989 2469 sed
1020 2405 1190 2489 probra,
1222 2404 1300 2467 Foss

184 2521 317 2580 tantum¹
341 2515 519 2599 inpense
545 2513 579 2576 in
603 2513 784 2598 inpensa
807 2516 930 2575 mutato
953 2512 1089 2575 laounae
1114 2513 1204 2597 signa
1225 2518 1319 2589 ante¹

184 2622 291 2687 haud
327 2621 519 2705 ambigue
551 2620 735 2701 oollooavit,
767 2617 894 2682 Kinoh:
917 2618 1302 2684 iuveni—infenso

186 2730 356 2814 probra,
388 2749 491 2812 quae
522 2727 742 2792 adiecerat
773 2732 833 2790 etc.
858 2725 1003 2790 oonieoit.
1039 2726 1107 2809 Ego
1129 2726 1175 2790 sio
1196 2724 1301 2790 locum
1329 2795 1332 2798 ,

185 2837 355 2900 restituere
382 2841 515 2898 conatus
538 2855 624 2897 sum:
648 2833 734 2897 haud
758 2833 908 2916 ambigue
931 2833 1080 2898 iuvenem
1095 2871 1135 2879 -—
1149 2834 1201 2897 im
1209 2855 1260 2920 pu
1268 2855 1303 2917 g·

185 2964 299 3008 nans.
337 2941 414 3006 Sed
438 2941 571 3028 probra,
594 2961 677 3022 quae
701 2961 728 3006 e.
753 2962 783 3022 q.
808 2961 831 3003 s.

232 3049 324 3123 Quod
355 3048 486 3131 Madvig
517 3047 653 3110 Advers.
686 3045 764 3111 Urit.
797 3045 843 3110 H.
875 3068 905 3131 p.
939 3048 1002 3110 535
1026 3047 1304 3131 commemoravit,

186 3156 220 3219 in
251 3156 309 3219 illa
341 3156 496 3219 sermonis
528 3153 677 3219 Pithonis
706 3160 814 3239 parte,
846 3174 926 3235 quae
948 3154 1054 3218 adhue
1076 3155 1223 3240 exposita
1245 3155 1304 3238 sit,

185 3262 309 3326 nullam
352 3262 458 3346 probri
500 3262 552 3325 vel
591 3262 780 3348 probrorum
815 3260 1083 3343 significationem
1118 3283 1205 3345 esse,
1239 3283 1304 3325 non

185 3370 289 3434 oredo.
331 3369 451 3433 Pithon
481 3368 568 3432 enim
598 3369 660 3432 ista
692 3368 894 3431 contionatur
917 3374 1084 3453 postquam
1108 3370 1238 3451 quidam
1262 3391 1304 3434 ex
1403 3383 1406 3389 '

185 3477 297 3540 infima
327 3476 421 3562 plebe
452 3475 670 3539 Arrhidaeum
699 3480 862 3557 tamquam
886 3476 1066 3539 Alexandri
1090 3496 1304 3541 sueoessorem

186 3583 382 3666 nominavit,
423 3582 469 3645 ita
504 3588 540 3645 ut
574 3582 677 3665 Vogel
714 3582 820 3645 verbis
854 3582 901 3645 ad
937 3588 1081 3647 eetera
1114 3584 1305 3667 caligare

187 3711 254 3754 eos
288 3689 462 3754 Arrhidaei
497 3688 649 3752 inertiam
684 3688 817 3752 subdole
853 3688 1027 3772 significari
1060 3690 1141 3753 mihi
1171 3690 1302 3774 quidem

186 3802 273 3861 reete
296 3798 456 3863 monuisse
479 3795 637 3862 videatur.

612 4011 877 4020 ——-v-—-———
