3034 4834
778 296 819 360 28

456 493 605 558 ostendit.
650 493 706 558 Illi
748 492 827 557 iussi
865 491 1028 557 considere
1064 490 1253 572 adfirmant,
1287 509 1350 552 non

456 601 646 666 Macedones
676 622 773 684 quam
804 600 889 686 ipsos
920 600 1077 664 tristiores
1103 599 1202 680 fuisse
1224 596 1351 681 cognito

456 709 591 772 vulnere
614 708 725 793 ipsius.

280 812 362 878 Sunt
395 814 427 876 in
464 814 513 878 his
549 814 611 878 duo
646 815 757 897 verba,
797 834 865 877 mea
895 813 1026 898 quidem
1057 812 1234 894 sententia,
1265 808 1351 873 baud

235 919 332 985 dubie
363 927 521 1007 corrupta.
557 921 653 985 Prius
683 927 732 985 est
761 919 957 985 vulneris
987 919 1070 983 illud
1092 919 1127 982 in
1151 917 1352 1002 magnitu-

236 1026 375 1091 dinem
409 1028 613 1092 vulneris.
657 1028 760 1112 Vogel
795 1048 872 1091 sane
907 1026 1073 1091 adnotavit
1103 1046 1141 1090 ea
1171 1024 1352 1108 significare

235 1133 353 1197 debere
384 1155 499 1217 quam
524 1133 1081 1224 graveessetvulnus,sed,
1105 1131 1270 1217 cumipse
1294 1151 1353 1194 rex

235 1240 422 1304 vulneratus
464 1262 537 1323 orus
576 1241 720 1306 barbaris
753 1241 953 1323 ostenderet,
988 1240 1021 1304 id
1056 1239 1259 1304 dissimulare
1294 1258 1353 1302 uec

235 1347 338 1412 voluit
373 1368 495 1432 neque,
531 1348 557 1411 si
592 1348 762 1431 voluisset,
798 1349 911 1433 potuit.
954 1347 1143 1431 Legendum
1175 1366 1243 1410 esse
1276 1349 1353 1430 puto

236 1454 573 1537 magnitudinem
616 1473 766 1520 Bonosus.
810 1454 898 1518 Fieri
933 1460 1038 1540 potest
1070 1460 1107 1517 ut
1140 1451 1354 1534 vulneris,

236 1561 338 1646 primo
373 1561 413 1625 ad
446 1562 607 1625 doloris
637 1561 866 1626 illustrandum
896 1561 931 1623 in
962 1561 1109 1644 margine
1140 1559 1354 1644 adscriptum,

236 1666 354 1731 deinde
377 1668 482 1753 ipsum
507 1668 699 1739 vocabulum
722 1669 763 1733 ad
787 1668 872 1754 quod
893 1660 1174 1754 'interpretandum
1193 1665 1355 1730 adiectum

237 1780 323 1857 erat,
348 1775 531 1840 extruserit.
862 1850 865 1855 ¹

281 1880 339 1945 Est
370 1883 507 1946 alterum
536 1883 729 1947 vocabulum
752 1888 937 1968 corruptum
961 1881 1070 1966 itaque
1094 1885 1295 1966 corruptum
1319 1883 1356 1941 ut

183 2029 184 2032 =
237 1987 293 2050 diu
316 1987 356 2052 de
379 1989 495 2053 mendo
519 1990 705 2075 typothetae
729 1990 911 2073 cogitarem.
947 1987 1029 2053 (lum
1052 1987 1220 2052 tamenin
1243 1985 1355 2050 editio·

237 2094 332 2158 nibus
367 2096 532 2179 omnibus,
564 2118 643 2181 quas
673 2097 821 2179 adibam,
847 2097 994 2181 ineptum
1017 2094 1098 2159 illud
1130 2091 1355 2157 considere

235 2201 363 2286 iuveni,
395 2204 515 2266 auctori
543 2225 636 2268 suum
659 2225 757 2289 quam
781 2203 921 2289 primum
944 2201 1078 2266 reddere
1102 2200 1192 2283 volo,
1217 2199 1356 2263 scribere

236 2307 353 2372 iubens
376 2310 663 2376 considerare.

237 2520 314 2588 VII.
340 2525 369 2587 8.
397 2525 454 2588 15:
482 2525 549 2590 Leo
568 2545 695 2611 quoque
716 2525 891 2610 aliquando
911 2523 1119 2588 minimarum
1135 2520 1245 2586 avium
1257 2520 1358 2606 pabu-

483 2632 551 2696 lum
574 2633 638 2696 fuit
661 2639 693 2697 et
715 2625 837 2697 ferrum
859 2631 975 2715 rubigo
998 2629 1167 2694 consumit.

284 2738 485 2822 Quamquam
510 2739 613 2824 Vogel
636 2740 785 2804 observat
806 2737 893 2803 haud
915 2738 1059 2802 alienum
1082 2757 1151 2800 esse
1171 2757 1191 2800 a
1209 2734 1357 2799 vocabuli

239 2866 316 2927 usu,
347 2846 374 2909 si
404 2846 696 2932 aliquando:
716 2846 888 2932 saepius
918 2845 1131 2930 accipiamus,
1163 2842 1218 2906 sed
1246 2841 1358 2906 verisi-

238 2951 348 3015 milius
374 2959 537 3017 auctorem
560 2960 680 3017 certam
702 2953 847 3017 fabulam
870 2958 946 3016 ante
970 2951 1078 3016 oculos
1101 2949 1268 3031 habuisse,
1291 2967 1357 3011 non

239 3058 333 3122 credo
365 3058 512 3124 Ourtium
543 3061 707 3146 scripsisse
739 3060 832 3124 fuit.
876 3060 918 3124 Et
948 3058 1067 3123 usitata
1098 3056 1182 3142 apud
1212 3060 1357 3119 nostrum

222 3165 387 3240 ,vocabuli
418 3168 649 3251 aliquando
680 3167 872 3251 significatio
903 3172 937 3230 et
967 3166 1100 3229 verbum
1131 3162 1359 3245 consumit,

239 3273 401 3358 praesenti
436 3260 580 3360 tempore
613 3275 771 3360 positum,
807 3294 858 3337 me
890 3271 1092 3337 induxerunt
1121 3276 1158 3335 ut
1187 3291 1245 3356 pro
1275 3267 1360 3333 fuit

240 3379 418 3444 conicerem
442 3380 458 3443 f
463 3380 504 3445 it.

240 3591 334 3658 VIII.
362 3595 390 3658 1.
416 3595 476 3658 38:
496 3594 588 3658 Nihil
620 3615 662 3658 ex
685 3595 834 3658 omnibus
857 3594 1038 3658 inconsulte
1061 3613 1098 3656 ac
1122 3597 1243 3655 temere
1267 3589 1359 3654 iactis

494 3722 604 3784 regem
623 3702 725 3785 magis
745 3707 907 3784 moverat,
926 3721 1022 3784 quam
1043 3697 1267 3764 Parmenionis
1286 3716 1359 3761 cum
1383 3705 1385 3709 ’

496 3808 614 3872 honore
657 3808 779 3872 mentio
813 3807 924 3871 inlata.
968 3807 1121 3871 Dolorem
1157 3811 1264 3869 tamen
1300 3824 1360 3867 rex

497 3914 622 3999 pressit.

285 4018 389 4103 Vogel
412 4021 571 4107 pressit
594 4021 749 4106 scriptum
774 4041 842 4085 esse
865 4019 1006 4084 affirmat
1029 4037 1086 4101 pro
1106 4016 1359 4102 suppressit.

242 4127 315 4191 Non
346 4126 459 4213 credo,
491 4129 545 4196 sed
575 4147 649 4196 rex
679 4128 839 4218 pressit
861 4124 1051 4194 mutandum
1076 4123 1111 4191 iu
1134 4122 1361 4213 repressit,
