3034 4834
757 229 799 295 24

415 426 637 502 libertasest:
657 448 750 493 nemo
770 449 788 495 e
808 427 898 493 vobis
916 426 1082 492 fastidium
1101 424 1331 507 Macedonum,

415 557 509 601 nemo
533 537 659 601 vultum
683 536 856 622 superbum
878 534 961 600 ferre
984 525 1123 618 cogetur.

260 644 325 708 Pro
359 643 521 707 vultum
557 643 780 728 superbum
810 642 983 726 legendnm
1015 648 1092 727 puto
1122 641 1331 705 victorum

217 750 468 835 superbiam.
504 750 603 813 Nam·
620 750 718 814 verba
740 750 903 814 vul-tum
927 749 1151 835 superbum
1173 747 1213 811 ob
1237 747 1331 810 hasce

217 877 329 920 causas
369 855 515 920 Ourtium
558 877 622 920 non
666 856 829 942 scripsisse
872 855 1002 941 opinor:
1042 855 1145 940 primo
1179 873 1332 917 numerus

217 949 407 1048 singularis,
450 984 513 1048 quo
547 963 650 1048 posita
685 970 776 1047 sunt,
811 963 1024 1049 suspicionem
1058 966 1182 1043 movet,
1217 959 1333 1024 deinde

217 1069 389 1134 admodum
421 1069 573 1154 languide
603 1069 725 1134 dictum
753 1070 882 1135 videtur
905 1069 986 1133 illud
1010 1068 1171 1134 vultum
1193 1087 1334 1153 super·

217 1176 309 1240 bum
343 1183 414 1261 post
447 1175 687 1259 fastidium,
718 1177 809 1241 ouius
840 1176 988 1241 vocabuli
1019 1177 1120 1240 multo
1151 1174 1255 1239 acrior
1285 1179 1334 1238 cst

217 1283 283 1367 vis,
315 1283 455 1369 denique
485 1283 633 1348 turbatus
663 1284 834 1348 verborum
864 1283 941 1347 ordo
972 1288 1034 1348 est·
1066 1284 1135 1346 Aut
1160 1281 1333 1347 dicendum

217 1395 302 1454 erat:
333 1410 427 1454 nemo
459 1410 476 1454 e
507 1390 597 1455 vobis
628 1390 839 1455 Macedonum
869 1389 1052 1473 fastidium,
1083 1411 1177 1455 nemo
1206 1389 1333 1453 vultum

217 1498 392 1582 superbum
422 1497 506 1562 ferre
534 1503 680 1582 cogetur,
712 1504 785 1562 aut:
817 1518 911 1562 nemo
942 1518 960 1560 e
991 1497 1082 1561 vobis
1108 1496 1130 1562 f.
1153 1498 1216 1579 M.,
1240 1516 1333 1560 nemo

217 1624 328 1669 eorum
352 1625 382 1668 v.
395 1626 418 1668 s.
432 1603 453 1671 f.
467 1625 493 1668 c.

218 1817 259 1884 V.
285 1820 314 1881 9.
341 1807 377 1881 1':
399 1817 476 1881 ‘Nos
506 1819 602 1901 vcr0’‚
634 1817 756 1904 inquit,
789 1817 1062 1902 ‘pretiosissimam
1084 1820 1205 1881 uestem
1228 1812 1334 1876 induti

356 1974 357 1978 ,
396 1924 567 2010 armisque,
588 1930 708 2012 quanto
727 1925 870 1989 maximo
889 1924 979 1988 cultu
998 1944 1175 2009 possumus,
1188 1920 1334 1986 adornati

396 2041 506 2116 regem
528 2033 563 2096 in
587 2033 689 2097 aciem
712 2033 904 2120 sequemur'.

262 2137 401 2221 Milites,
437 2140 493 2223 qui
527 2140 562 2203 in
592 2140 714 2205 bellum
744 2140 1005 2225 proficiscuntur,
1036 2140 1135 2203 armis
1165 2137 1336 2202 adornatos

218 2245 317 2310 fuisse
341 2267 404 2310 non
428 2267 506 2333 opus
529 2247 593 2311 fuit
615 2253 651 2311 ut
673 2253 783 2312 auctor
802 2253 957 2311 narraret.
981 2234 1335 2330 Legendnmoidetur:

219 2350 449 2417 adornatis.

220 2566 260 2631 V.
286 2569 336 2634 12.
364 2569 421 2632 18:
441 2566 622 2632 Artabazus
663 2589 735 2632 cum
778 2569 847 2651 his,
889 2568 946 2654 qni
987 2567 1123 2653 imperio
1161 2566 1335 2653 parebant,

443 2674 640 2760 Graecisque
663 2675 821 2739 militibus
838 2675 1039 2740 Parthienen
1058 2675 1206 2761 petebat,
1227 2672 1336 2737 omnia

440 2781 559 2845 tutiora
581 2780 816 2867 parricidarum
840 2783 985 2847 contuitu
1007 2780 1105 2846 ratus.

265 2887 349 2962 Quid
380 2889 615 2974 parricidarum
639 2889 859 2953 contuitus
882 2910 996 2954 nocere
1020 2888 1160 2975 potuerit
1181 2886 1336 2952 Artabani

221 2993 379 3058 militibus
412 3016 477 3062 non
511 2995 622 3080 video,
654 2996 710 3061 sed
740 2996 847 3082 potius
878 3002 1102 3061 contactu
1132 2992 1336 3059 scribendum

219 3100 367 3165 arbitror.

127 3404 128 3408 Ἰ
219 3312 278 3378 VI.
301 3316 331 3379 4.
359 3317 415 3380 15:
439 3315 482 3380 Et
503 3336 582 3399 gens
605 3304 764 3381 bellicosa
781 3323 814 3380 et
836 3323 970 3381 naturae
994 3317 1059 3381 situ
1082 3315 1224 3380 difficilis
1246 3315 1337 3381 aditu

442 3423 558 3507 regio
582 3444 691 3488 curam
715 3425 800 3508 regis
823 3424 1018 3490 intenderat.

264 3528 315 3592 lta
347 3528 449 3612 Vogel
481 3531 609 3615 scripsit
636 3551 693 3616 pro
718 3531 863 3596 codicum
886 3553 960 3597 mss.
984 3537 1064 3596 nat.
1090 3531 1198 3594 situs
1220 3529 1305 3593 diff
1310 3529 1337 3593 i·

220 3635 319 3699 cilis
351 3634 487 3717 aditu,
515 3637 593 3700 haec
616 3638 737 3703 addens
760 3639 877 3722 regio
901 3639 998 3702 facile
1021 3637 1171 3702 excidere
1194 3637 1336 3722 potuisse

220 3747 350 3828 propter
373 3743 472 3807 verba
496 3744 662 3828 sequentia
686 3765 824 3809 curam
846 3746 961 3830 regis
983 3750 1016 3810 ct
1038 3743 1114 3809 VH.
1136 3745 1165 3808 4.
1188 3744 1225 3806 4:
1245 3744 1337 3808 loca

220 3854 397 3914 naturae
430 3850 514 3914 situ
541 3856 632 3914 tuta
663 3852 801 3917 conferri
831 3853 956 3918 iubens.
991 3853 1082 3916 Haec
1105 3850 1205 3916 verba
1227 3857 1336 3916 tamen

221 3978 262 4021 ex
286 3957 467 4020 coniectura
491 3963 560 4021 orta
579 3957 614 4020 in
634 3959 796 4024 codicibus
815 3982 888 4025 mss.
908 3981 972 4023 non
990 3960 1162 4044 leguntur3
1181 3959 1338 4045 praebent

221 4063 308 4130 enim
332 4063 388 4127 sit
411 4070 482 4128 aut
504 4071 583 4149 tot,
608 4086 665 4151 pro
690 4067 806 4154 quibus
830 4067 886 4131 alii
909 4066 974 4131 alia
996 4067 1220 4133 substituenda
1242 4065 1337 4132 dede·
