3034 4834
747 299 787 362 12

203 490 245 555 X.
271 494 300 558 3.
325 475 362 556 9:
382 491 428 555 At
459 492 606 558 hercules
633 480 743 558 munia
767 495 903 560 militiae
925 497 985 560 hoc
1008 496 1189 561 animorum
1213 519 1320 583 corpo

380 620 516 682 rumque
551 601 663 665 robore
698 623 799 684 aeque
834 603 962 688 inpigre
994 605 1139 668 toleratis
1154 611 1218 687 et,
1249 626 1321 669 oum

381 705 480 770 fortes
514 707 576 770 viri
611 707 698 791 sitis,
734 730 798 772 non
832 709 1057 774 fortitudinem
1091 712 1193 794 magis
1226 733 1321 794 quam

381 812 477 876 fidem
503 813 616 878 colitis.

248 917 318 982 Iam
350 919 453 1002 Vogel
483 920 572 984 locus
602 921 773 986 offendisse
804 923 949 1000 videtur,
982 945 1055 987 cum
1079 925 1158 989 haec
1175 925 1323 1012 ,adscrip-

205 1025 299 1093 serit:
333 1024 393 1106 ,da
424 1047 553 1109 aeque
585 1027 652 1092 sich
682 1029 772 1093 nicht
795 1031 880 1094 wohl
905 1031 1216 1096 aufanimorum
1240 1054 1323 1096 cor·

205 1153 432 1217 porumque
453 1125 455 1130 ’
474 1133 629 1198 beziehen
671 1135 777 1218 kann,
813 1138 931 1202 ebenso
967 1139 1073 1222 wenig
1107 1139 1165 1202 auf
1195 1139 1249 1202 ein
1284 1161 1323 1202 zu

205 1239 423 1322 ergttnuendes
453 1261 572 1322 quam
602 1238 870 1324 Macedones,
903 1265 937 1308 so
961 1245 1004 1308 ist
1025 1245 1110 1310 wohl
1133 1245 1205 1309 eine
1228 1266 1323 1330 zeug-

205 1346 361 1410 matische
387 1345 617 1412 Oonstruktion
641 1351 864 1414 anzunehmen
888 1351 954 1414 und
977 1373 1017 1414 zu
1041 1358 1200 1435 erg'a'nzen
1224 1358 1322 1416 etwa:

205 1475 322 1536 quam
365 1454 665 1540 voluptatibus
707 1464 747 1520 et
781 1457 983 1522 luxuriae
1019 1458 1236 1523 studetis.’'
1278 1459 1324 1522 At

205 1582 271 1624 non
301 1561 457 1626 eiusmodi
488 1563 587 1627 verba
617 1563 829 1646 antecedunt,
861 1563 915 1628 sed
946 1565 1041 1628 haec:
1077 1565 1193 1646 ,Luxu
1217 1566 1324 1630 omnia

206 1652 336 1734 uuonan
351 1669 559 1734 credideram
583 1677 616 1734 et
637 1671 738 1734 nimia
756 1670 913 1734 felicitate
932 1689 1037 1735 ursel
1056 1671 1092 1734 in
1111 1673 1325 1757 voluptates.''

250 1776 331 1840 Mihi
374 1777 504 1860 quidem
538 1798 725 1864 persuasum
767 1783 816 1841 est
855 1783 930 1841 ante
973 1761 1129 1842 munia
1166 1779 1325 1844 excidisse

207 1884 360 1966 omnia,
390 1884 474 1966 quod
506 1890 538 1948 et
568 1883 607 1947 ad
639 1905 770 1966 aeque
801 1884 921 1969 optime
952 1885 1102 1948 convenit
1132 1891 1166 1949 et
1195 1886 1347 1950 laudem*

207 2012 271 2074 qua
294 1991 483 2055 Alexander
507 1991 626 2054 milites
650 2011 722 2054 suos
745 1991 862 2055 Persas
885 1991 945 2055 hoc
969 1991 1037 2054 loco
1058 1992 1203 2075 extollit,
1224 1993 1326 2077 magis

207 2097 313 2165 reddit
335 2097 548 2184 perspicuam.

633 2316 899 2326 ——-....—-—.

741 2513 793 2595 H.

255 2725 314 2788 Est
343 2725 377 2787 in
408 2725 480 2789 Lib.
513 2724 579 2788 VII
609 2724 697 2788 locus
717 2722 961 2807 insignissimus
985 2727 1014 2787 8.
1040 2726 1100 2787 25:
1124 2722 1234 2786 Nostri
1258 2723 1328 2786 sine

211 2832 346 2916 pedibus
365 2832 476 2896 dicunt
495 2852 563 2896 esse
583 2831 759 2894 Fortunam
782 2832 876 2914 [quae
896 2852 1012 2894 manus
1030 2836 1063 2894 et
1075 2831 1190 2914 pinnas
1202 2835 1327 2893 tantum

117 2983 120 2989 -
173 2940 176 2945 ’
211 2939 339 3023 habet]:
371 2951 442 3003 cum
475 2960 588 3002 manus
618 2939 771 3024 porrigit,
803 2939 919 3024 pinnas
944 2957 1070 3020 quoque
1094 2934 1326 3021 comprehende.

212 3045 265 3110 Ad
304 3047 403 3111 verba
437 3038 626 3131 quaest...
662 3047 791 3110 habet
824 3045 928 3129 Vogel
962 3043 1146 3125 adnotavit,
1181 3064 1220 3108 ea
1252 3063 1328 3106 sane

211 3153 412 3236 glossematis
434 3154 573 3240 speciem
597 3153 769 3239 praebere,
793 3151 942 3216 Ourtium
965 3158 1074 3215 tamen
1097 3150 1226 3235 saepius
1246 3150 1330 3214 eius·

212 3260 298 3323 modi
340 3260 461 3324 habere
499 3260 786 3344 interpretamenta
820 3278 903 3342 quae
937 3257 1052 3321 melius
1086 3256 1261 3320 omisisset:
1296 3257 1331 3318 in

214 3366 373 3448 editione,
393 3387 490 3449 quam
510 3388 593 3431 anno
617 3369 700 3431 1889
721 3365 861 3448 curavit,
881 3366 978 3429 verba
998 3370 1035 3427 ut
1053 3364 1212 3448 glossema
1228 3363 1331 3425 inclu-

213 3473 255 3536 sit
267 3474 300 3556 1).
329 3463 411 3538 'Iure
445 3473 586 3559 profecto
620 3473 669 3536 vir
704 3473 815 3536 doctus
844 3471 926 3536 illud
958 3471 1157 3535 observavit:
1189 3471 1330 3533 illustra-

106 3579 108 3582 ”
213 3579 318 3643 tiones
348 3580 481 3644 minime
504 3579 720 3662 necessariae,
744 3579 842 3642 immo
865 3578 1115 3660 insulsissimae,
1139 3598 1222 3660 quae
1246 3575 1331 3661 apud

215 3685 295 3749 alios
321 3692 465 3750 auctores
488 3687 571 3750 iusto
587 3687 664 3756 ,iure
688 3692 968 3773 expungerentur,
992 3684 1027 3747 in
1050 3683 1155 3747 Curtii
1178 3682 1333 3746 Historiis

215 3791 493 3874 frequentissimae
535 3799 707 3857 occurrunt
746 3793 792 3855 ita
834 3798 871 3854 ut
911 3792 989 3874 quin
1034 3790 1075 3854 ab
1098 3790 1199 3874 ipsius
1234 3810 1332 3853 manu

252 4057 271 4118 ¹)
288 4057 328 4106 De
345 4057 391 4108 hoc
408 4057 463 4107 loco
479 4055 511 4106 cf.
528 4055 555 4106 J.
573 4055 615 4106 W.
633 4055 709 4121 Jeep,
728 4055 861 4121 Spectmen
878 4055 984 4116 Quaest
1001 4053 1064 4104 crit..
1082 4054 1114 4103 de
1132 4054 1165 4115 Q.
1178 4016 1255 4103 ⁸Cur-t.
1271 4052 1332 4101 Rus.

134 4137 137 4142 ’
215 4139 285 4192 Hist.
302 4140 389 4208 fragm.
407 4141 593 4192 Wolfenbiittel
613 4143 684 4192 1833.
703 4157 727 4206 p.
746 4142 786 4190 10.
