3034 4834
735 249 775 314 17

49 450 89 506 tau
188 447 347 533 potuisset
365 447 473 533 ipsa,
493 447 587 510 itaut
607 447 734 510 etiam
753 449 764 512 i
772 468 793 532 p
803 467 844 510 sa
856 471 898 503 :
911 447 963 506 καὶ
977 447 1069 508 αὐτά.
1083 447 1307 513 Oouieoturam

31 572 87 614 un·
188 575 295 619 meam
331 555 410 617 mihi
444 555 592 640 probavit
626 553 667 620 V.
703 556 733 620 4.
770 557 807 618 8:
842 553 1065 636 inminentque
1099 555 1214 639 eolles,
1244 557 1308 641 ipsi
1386 626 1388 629 ,

36 662 84 721 43;
187 681 315 745 quoque
338 661 505 726 frondibus
528 661 623 744 laeti,
645 660 769 724 radices
793 680 903 724 eorum
927 660 1061 724 humore
1084 662 1251 726 subeunte.

27 775 78 830 tem

85 938 89 963 ἰ
189 875 253 940 ΙΠ.
278 877 307 942 2.
334 879 392 941 15:
413 875 570 960 Fatigatis
601 875 719 939 humus
749 874 855 938 cubile
878 880 943 957 est,
968 874 1075 957 ribus,
1099 895 1194 958 quem
1217 897 1309 941 ooou·

412 987 547 1068 parunt,
590 981 702 1062 satiat,
744 986 889 1064 tempora
923 981 1026 1043 somni
1060 981 1178 1047 artiora
1212 1003 1309 1066 quam

414 1086 516 1150 noetis
532 1091 624 1154 sunt.
694 1106 696 1111 ·

235 1193 368 1259 Codices
399 1214 473 1256 mss.
506 1191 703 1277 oooupati
734 1197 902 1277 parant,
932 1191 1061 1258 Froben
1092 1202 1308 1281 oooupant.

235 1301 339 1385 Vogel
358 1297 524 1363 adnotavit
543 1297 583 1362 ad
602 1318 720 1381 quem
740 1290 1050 1383 ooouparunt:
1062 1294 1098 1361 οὗ
1111 1299 1150 1362 ἂν
1163 1302 1308 1384 τύχωσιν,

189 1414 222 1472 et
253 1412 302 1470 est
331 1425 408 1468 sane
439 1424 477 1468 ea
508 1425 589 1488 quae
620 1405 795 1488 requiritur
825 1405 986 1470 sententia
1017 1428 1076 1471 neo
1106 1413 1215 1472 tamen
1243 1429 1308 1473 uno

189 1513 286 1577 verbo
311 1516 571 1596 oocuparunt
594 1511 698 1575 datur.

235 1619 281 1683 ut·
296 1618 336 1681 ad
355 1617 563 1682 obtinendum
583 1639 722 1700 sensum,
742 1618 798 1702 qui
819 1619 1030 1702 desideratur,
1051 1615 1087 1681 οὗ
1107 1619 1146 1682 ἂν
1163 1621 1308 1703 τύχωσιν,

190 1731 222 1788 et
239 1731 369 1810 propter
387 1725 568 1789 litterarum
588 1725 836 1789 similitudinem
851 1726 1057 1790 scribendum
1069 1747 1137 1791 esse
1150 1727 1308 1813 suspicor:

61 1812 69 1867 ¹³
188 1851 307 1914 quem
337 1852 543 1916 occupare
573 1837 758 1917 possunt.
792 1831 840 1897 uf.
872 1832 931 1899 IV.
958 1836 987 1898 1.
1012 1835 1072 1897 27:
1097 1855 1170 1898 oum
1193 1834 1228 1898 in
1250 1835 1308 1898 illo

189 1942 274 2001 statu
296 1959 403 2002 rerum
427 1938 460 2001 id
484 1959 660 2022 quemque,
685 1938 770 2024 quod
789 1946 991 2025 oooupasset,
1015 1941 1203 2006 habiturum
1223 1923 1320 2006 arbi·¹

188 2050 346 2128 traretur,
377 2049 410 2108 et
441 2045 499 2111 VI.
525 2047 555 2110 2.
581 2047 617 2108 3:
654 2046 825 2129 solitosque
855 2068 952 2133 pareo
981 2069 1019 2112 ao
1050 2048 1188 2134 parabili
1220 2049 1308 2113 viotu

49 2170 54 2215 ;
99 2182 102 2187 ·
182 2150 229 2216 ¹ad
253 2152 407 2238 inplenda
430 2157 565 2216 naturae
589 2151 749 2218 desideria
773 2153 916 2239 defungi.

123 2398 125 2402 ·
169 2367 250 2432 HI.
275 2370 304 2433 3.
331 2370 367 2430 1:
402 2367 454 2430 oui
477 2372 684 2452 praeseptum
708 2373 757 2430 est
779 2389 798 2430 a
817 2388 911 2451 rege,
936 2373 973 2430 ut
991 2389 1101 2432 omnes
1119 2368 1306 2453 peregrinos

403 2474 539 2556 milites,
563 2474 598 2537 in
618 2474 688 2556 quis
707 2473 883 2560 plurimum
904 2475 1043 2539 habebat
1061 2476 1147 2560 spei,
1167 2497 1185 2538 a
1205 2475 1307 2540 Phar·

404 2581 524 2644 nabazo
555 2581 731 2670 acciperet:
762 2602 860 2667 opera
893 2603 1003 2646 eorum
1038 2603 1171 2646 usurum
1207 2603 1241 2646 se
1272 2583 1307 2647 in
1354 2602 1356 2606 ’

402 2686 498 2752 bello.

233 2795 413 2860 Usurum
444 2814 483 2857 se
515 2793 618 2878 Vogel
649 2795 775 2880 scripsit
805 2816 847 2859 ex
869 2795 1053 2860 oonieotura
1077 2795 1179 2880 Hugii
1203 2795 1305 2882 (Phil.

188 2904 269 2967 Ana.
290 2901 352 2966 ΠΙ.
372 2923 403 2987 p.
426 2901 502 2984 172)
523 2921 580 2985 pro
600 2900 746 2965 oodioum
765 2922 839 2966 mss.
864 2923 1034 2985 usurus,
1058 2902 1142 2985 quod
1165 2903 1307 2967 Eussner

190 3008 353 3089 (Jahresb.
378 3009 413 3071 in
436 3007 554 3072 Philol.
578 3007 723 3072 XXXII.
747 3030 778 3094 p.
806 3009 882 3092 172)
905 3008 1047 3072 retinere
1069 3009 1181 3074 voluit.
1202 3008 1306 3092 Vogel

189 3122 377 3198 argumenta
400 3137 456 3178 sua
479 3114 616 3200 sumpsit
639 3135 656 3179 e
676 3135 821 3180 sermone
840 3115 992 3198 militari,
1013 3136 1095 3201 quae
1115 3116 1195 3202 quin
1214 3116 1308 3180 firma

190 3221 255 3284 sint
285 3221 430 3286 dubitare
460 3243 524 3285 non
555 3221 667 3287 ausim.
703 3224 860 3288 Attamen
889 3222 1061 3286 lectionem
1093 3243 1307 3292 usuruma

189 3326 343 3404 Ourtiano
374 3348 520 3393 sermone
551 3349 616 3391 non
639 3328 827 3412 abhorrere,
851 3329 935 3414 quod
959 3330 1108 3393 nonnulli
1133 3329 1305 3394 contende·

188 3440 282 3520 runt,
314 3442 441 3521 praeter
470 3436 555 3499 looos
578 3457 597 3498 a
619 3434 755 3519 Vogelio
779 3436 893 3500 allatos
917 3435 1025 3516 (VIII.
1053 3438 1103 3500 10.
1128 3438 1147 3499 2
1173 3442 1205 3500 et
1228 3436 1305 3502 VII.

189 3544 218 3606 2.
243 3544 299 3627 37)
324 3543 376 3606 hie
396 3562 523 3628 quoque
543 3543 657 3627 probat
677 3541 772 3608 VIII.
794 3547 824 3608 5.
847 3546 883 3606 l:
903 3564 945 3607 ex
965 3543 1113 3608 omnibus
1132 3543 1306 3629 provinciis

188 3649 288 3713 XXX
318 3649 408 3713 milia
438 3649 601 3713 iuniorum
626 3649 691 3733 legi
715 3651 810 3714 iussit
833 3657 865 3714 et
888 3650 927 3714 ad
951 3673 984 3715 se
1008 3657 1132 3714 armata
1155 3649 1305 3736 perduoi,

188 3754 314 3820 obsides
338 3756 433 3821 simul
457 3755 623 3819 habiturus
645 3761 677 3819 et
701 3756 831 3821 milites.
940 3747 943 3751 ’

187 3969 251 4038 ΙΙΙ.
276 3973 305 4036 6.
333 3973 390 4034 11:
410 3970 485 4035 ‘Oro
520 3991 719 4056 quaesoque,
753 3971 869 4035 omisso
905 3977 992 4035 metu
1023 3976 1134 4056 patere
1165 3970 1305 4036 mediea-

410 4083 553 4142 mentum
578 4078 702 4166 oonoipi
725 4078 834 4143 venis:
857 4079 933 4142 laxa
956 4078 1119 4165 paulisper
1142 4078 1305 4164 animum,

1186 4187 1202 4240 2
