3034 4834
634 277 782 373 '10

196 499 254 566 IV.
283 504 311 566 7.
336 504 373 566 3:
398 501 467 567 Nec
489 503 671 568 sustinuere
694 504 869 570 adventum
892 505 961 570 eius
981 505 1117 589 Persae,
1138 505 1317 570 defectione
1432 580 1436 584 .

398 631 525 697 quoque
548 612 723 696 perterriti.

167 721 168 724 ’
239 714 292 779 Ad
316 717 450 782 verbum
473 718 722 786 defectione
745 740 809 782 non
832 720 938 784 omitti
961 724 1066 805 potest
1088 719 1316 806 Aegyptio-

87 846 89 852 ·
197 844 285 887 rum
309 824 394 910 quod
418 824 576 889 excidisse
600 825 705 892 oredo.

197 1034 272 1100 VII.
300 1039 329 1101 2.
355 1039 414 1102 23:
443 1037 598 1121 Agendae
621 1043 729 1103 autem
752 1040 800 1104 rei
824 1043 1056 1106 constituerant
1080 1045 1222 1126 tempus,
1244 1061 1316 1104 cum

441 1145 639 1210 Parmenion
677 1167 700 1210 a
741 1147 977 1232 Polydamante
1017 1148 1143 1212 litteras
1181 1147 1317 1212 traditas

439 1253 546 1336 legere
570 1253 735 1339 coepisset.
1055 1253 1057 1256 ⁴

240 1356 296 1421 At
328 1379 400 1422 eum
441 1360 548 1443 legere
582 1361 764 1445 pergimus,
799 1361 882 1424 nihil
917 1377 1028 1426 eorum
1062 1362 1132 1426 fieri
1168 1361 1314 1426 videmus

196 1486 391 1551 quamquam
432 1468 523 1531 nulla
556 1488 651 1530 eausa
686 1473 734 1531 est
768 1488 824 1531 eur
860 1468 1056 1553 Polydamas
1091 1477 1124 1533 et
1157 1468 1316 1533 Cleander

197 1573 366 1640 eonsilium
400 1595 493 1637 suum
525 1581 649 1638 mutare
680 1575 853 1659 potuerint.
893 1575 1089 1660 Polydamas
1122 1577 1226 1660 enim,
1258 1576 1314 1640 ubi
1426 1564 1428 1569 ¹

196 1676 365 1764 epistolam
389 1702 407 1744 a
426 1690 507 1764 rege
521 1681 691 1766 scriptam,
712 1682 918 1746 Parmenioni
939 1681 1090 1764 tradidit,
1111 1683 1196 1746 hunc
1216 1683 1316 1746 otiose

193 1787 283 1851 illam
306 1788 415 1871 legere
440 1788 561 1872 patitur
587 1796 684 1875 atque
707 1789 806 1853 etiam
829 1809 931 1874 pauca
954 1809 1027 1852 cum
1051 1808 1088 1851 eo
1112 1789 1315 1874 colloquitur.

195 1893 279 1957 Tum
314 1894 393 1958 haee
427 1901 606 1981 sequuntur
641 1897 658 1980 ξ
702 1899 760 1960 27:
801 1895 969 1977 ,Alteram
999 1895 1116 1960 deinde
1147 1896 1316 1981 epistolam

196 1999 346 2065 Philotae
380 2001 509 2066 nomine
544 2002 697 2088 scriptam
732 2004 854 2086 laetus,
889 2002 975 2089 quod
1010 2023 1051 2066 ex
1086 2003 1180 2067 vultu
1210 2003 1315 2067 notari

101 2102 103 2106 ’
196 2113 338 2192 poterat,
369 2109 506 2192 legebat.
550 2110 634 2174 Tum
665 2111 735 2174 eius
764 2111 850 2174 latus
873 2110 981 2194 gladio
1004 2109 1114 2173 haurit
1135 2109 1316 2174 Cleander”

196 2236 223 2280 e.
238 2237 268 2300 q.
283 2237 305 2279 s.
342 2215 404 2280 His
433 2217 528 2280 rebus
560 2216 700 2282 adducor
714 2291 717 2298 Ι
730 2222 766 2280 ut
789 2217 917 2282 credam
939 2217 1025 2280 inter
1047 2217 1316 2302 Polydamantem

196 2328 229 2386 et
252 2321 446 2386 Cleandrum
473 2324 659 2388 convenisse
683 2330 719 2388 ut
738 2324 986 2388 Parmenionem
1005 2323 1226 2387 interficerent
1245 2344 1317 2387 eum

195 2429 320 2493 litteras
342 2420 499 2494 ‘Philotae
531 2431 662 2495 nomine
685 2431 820 2515 scriptas
842 2431 950 2514 legere
974 2430 1140 2514 coepisset.
1170 2429 1316 2495 inseren-

197 2534 273 2599 dum
292 2535 391 2619 igitur
412 2557 524 2601 censeo
543 2538 722 2601 alteras:
743 2558 816 2600 cum
835 2537 1032 2601 Parmenion
1051 2537 1316 2622 aPolydamante

196 2643 356 2708 alteras
380 2643 504 2707 litteras
528 2643 662 2708 traditas
685 2645 794 2728 legere
818 2644 982 2728 coepisset.

197 2855 273 2920 VII.
300 2859 329 2921 6.
357 2858 414 2920 12;
442 2857 511 2921 Hos
544 2857 683 2941 benigne
717 2857 885 2922 adlocutus
918 2857 959 2921 ad
991 2877 1045 2921 eos
1077 2856 1228 2942 Scythas,
1260 2857 1316 2942 qui

441 2964 603 3048 Europam
630 2964 792 3046 incolunt,
816 2963 955 3027 Berdem
979 2963 1139 3049 quendam
1164 2962 1251 3026 misit
1274 2983 1315 3033 ex

441 3071 570 3154 amicis,
591 3071 646 3156 qui
667 3070 874 3134 denuntiaret
893 3071 960 3154 his,
980 3091 1021 3134 ne
1040 3069 1167 3134 Tanain
1187 3090 1316 3134 amnem

442 3177 566 3242 iniussu
589 3177 674 3261 regis
698 3176 884 3241 transirent.

242 3283 332 3348 Haec
365 3282 469 3367 Vogel
499 3284 632 3369 praebet
662 3304 719 3369 pro
749 3305 907 3349 amnem
932 3283 1125 3367 regionis
1149 3282 1317 3346 iniussu

198 3390 312 3472 regis
342 3411 425 3475 quae
457 3390 536 3454 Eoss
566 3430 606 3437 -
640 3397 672 3454 et
695 3411 851 3454 amnem
874 3391 987 3474 regis
1012 3391 1180 3454 iniussu
1204 3389 1317 3473 regis

117 3527 121 3552 ι
199 3517 282 3582 quae
306 3496 430 3561 codices
453 3519 527 3562 mss.
552 3498 681 3562 habent.

244 3603 372 3687 Vogelii
402 3604 485 3668 ratio
515 3605 664 3690 displicet
693 3605 770 3690 quia
801 3625 865 3668 non
890 3610 1023 3689 apparet
1046 3603 1204 3689 quomodo
1228 3602 1317 3688 prius

199 3709 281 3781 illud
323 3711 436 3795 regis
474 3712 509 3775 in
544 3718 669 3776 textum
705 3711 839 3776 venerit.
889 3709 1129 3775 Revertendum
1163 3716 1241 3794 puto
1276 3708 1317 3773 ad

198 3817 369 3882 lectionem
393 3824 534 3882 veterem
556 3819 762 3902 regionis,
787 3819 842 3882 sed
862 3819 994 3904 insuper
1013 3817 1029 3880 f
1034 3819 1145 3880 inem
1166 3817 1318 3902 supplen-

200 3925 286 3991 dum.
318 3924 366 3990 Of.
398 3925 474 3990 VII.
508 3928 536 3990 7.
569 3929 606 3990 2:
623 3926 843 4016 ,Bactrianos
863 3925 983 3990 Tanais
1005 3924 1045 3988 ab
1070 3923 1216 4010 Scythis,
1238 3921 1317 4010 quos

200 4032 384 4117 Europaeos
413 4039 544 4115 vocant,
576 4033 700 4097 dividit.
743 4032 836 4097 Idem
866 4031 979 4096 Asiam
1003 4037 1036 4095 et
1058 4031 1220 4116 Europam
1243 4030 1318 4094 finis

199 4139 390 4205 interfluit.’'
434 4139 486 4204 Sic
528 4138 676 4204 Ourtium
716 4139 878 4225 scripsisse
913 4137 1080 4204 existimo:
1116 4159 1157 4202 ne
1191 4137 1328 4202 Tanainv
