3034 4834
778 306 819 368 20

238 495 300 562 ΙΠ.
328 499 377 563 13.
404 500 462 560 11;
483 497 609 584 Quippe
633 504 679 562 tot
702 519 860 562 annorum
882 501 1066 590 incredibili
1089 509 1122 567 et
1144 502 1240 568 fidem
1261 524 1354 568 exce·

481 604 577 668 dente
617 603 744 669 fortuna
785 607 949 671 cumulata
991 615 1068 673 tunc
1102 610 1167 674 alia
1201 610 1353 695 stirpibus

480 711 638 793 lacerata,
661 710 725 774 alia
749 711 783 773 in
806 732 942 776 caenum
964 715 1111 780 demersa
1131 718 1353 782 cernebantur.

254 818 258 823 ’
284 817 487 902 Quamquam
518 816 621 900 Vogel
650 817 883 904 interpretatur
912 821 1125 906 stirpibus
1157 822 1187 886 d.
1199 823 1221 886 i.
1252 823 1354 910 durch

128 999 131 1005 ¹
237 924 291 989 die
322 924 512 1006 Strtmher,
543 923 701 988 zwischen
724 924 869 989 welcheu
893 926 946 990 die
968 927 1170 993 Fliehenden
1192 930 1259 994 sich
1284 930 1356 993 hin·

238 1031 497 1116 durohgedrtingt
525 1031 655 1113 hatten,
687 1051 792 1116 nequo
823 1033 902 1117 quin
932 1025 1190 1118 vulgaris'lectio
1214 1058 1291 1101 sana
1314 1037 1356 1100 sit

239 1137 387 1203 dubitare
418 1138 562 1219 videtur,
594 1137 787 1221 persuadere
818 1141 902 1204 mibiv
922 1162 986 1204 non
1009 1164 1138 1227 possum
1161 1143 1207 1206 ita
1230 1163 1263 1207 se
1285 1164 1355 1208 rem

238 1245 366 1310 habere.
403 1244 571 1330 Nusquam
594 1244 682 1306 euim
706 1243 745 1309 de
769 1245 923 1330 stirpibus
947 1249 1124 1336 quidquam
1148 1248 1268 1314 dictum
1290 1258 1356 1334 est;

238 1357 347 1416 contra
381 1344 414 1414 in
449 1351 542 1441 §1¹⁰
577 1349 728 1414 dicuntur
764 1372 839 1436 opes
874 1354 951 1418 illae
986 1357 1094 1439 regiae
1129 1358 1234 1422 iacere
1265 1375 1357 1422 roris

238 1476 372 1540 caurus,
395 1458 429 1520 in
452 1459 469 1540 ξ
495 1460 513 1521 8
538 1465 685 1521 narratur
705 1458 953 1523 Parmenionem
973 1480 1140 1535 uonlruru
1161 1485 1218 1528 suo
1239 1484 1356 1547 agmen

238 1572 435 1652 portatorum
469 1584 653 1647 aggressum
688 1585 774 1648 esse,
810 1565 866 1650 qui
901 1584 1062 1633 ornamus
1094 1588 1215 1635 ourssrs
1245 1571 1355 1655 fugam

239 1678 416 1758 capessunt.
438 1709 479 1716 -
500 1670 650 1756 Suspicor
670 1671 871 1756 stirpitus
890 1674 954 1758 legi
974 1681 1138 1759 oportere:
1151 1677 1215 1740 alia
1228 1698 1356 1761 prorsus

238 1782 377 1844 lacerata
396 1779 463 1843 sive
483 1783 633 1862 corrupta
653 1782 762 1861 erant,
782 1779 847 1842 alia
867 1786 992 1845 tantum
1012 1783 1047 1845 in
1060 1803 1195 1847 caenum
1208 1784 1356 1848 demersa

239 1888 397 1952 iacebant.
1025 1902 1027 1905 ·

239 2101 297 2166 IV.
325 2105 353 2167 1.
378 2104 414 2165 5:
439 2098 566 2163 Aradus
597 2119 722 2184 qnoque
753 2099 860 2163 insula
888 2099 1014 2164 deditur
1044 2101 1123 2186 regi.
1145 2102 1355 2167 vMaritimam

440 2213 509 2270 tum
550 2227 636 2270 oram
672 2210 704 2270 et
738 2207 893 2292 pleraque
926 2207 1053 2291 longius
1087 2209 1185 2273 etiam
1221 2232 1240 2273 a
1274 2211 1355 2274 mari

441 2313 626 2378 recedentia
649 2333 708 2376 rex
732 2313 801 2378 eius
823 2313 950 2378 insulae
974 2313 1079 2391 Strato
1101 2317 1293 2401 possidebat.

284 2422 333 2486 De
352 2421 425 2486 aliis
444 2441 518 2484 orae
538 2421 607 2484 eius
626 2420 809 2484 maritimae
828 2421 958 2504 regibus
977 2443 1043 2485 non
1063 2422 1216 2488 disseruit
1227 2431 1355 2508 auotor3

240 2550 337 2614 quam
370 2528 410 2593 ob
444 2548 512 2591 rem
530 2533 532 2536 ’
547 2527 611 2590 iam
641 2526 831 2591 adverbium
863 2534 945 2591 tum
977 2529 1110 2594 minime
1141 2532 1355 2596 necessarium

239 2637 377 2701 ridetur.
399 2634 480 2699 Sunt
499 2634 563 2698 alia
583 2640 691 2697 tamen
706 2654 789 2719 quae
802 2635 882 2697 mihi
893 2635 999 2699 locum
1012 2643 1194 2722 suspectum
1206 2639 1355 2722 reddunt.
1379 2677 1382 2681 ·

239 2742 403 2808 Maritima
433 2741 495 2804 ista
524 2761 580 2804 ora
609 2739 805 2804 Phoeniciae
836 2763 910 2826 pars
940 2749 1005 2826 est,
1037 2765 1119 2829 quae
1150 2766 1191 2809 ex
1222 2745 1356 2810 adverso

240 2850 343 2914 Aradi
373 2849 499 2913 insulae
524 2846 585 2912 sita
609 2853 674 2912 ost:
699 2847 732 2940 id
756 2854 865 2912 autem
889 2869 931 2914 ex
954 2850 993 2914 iis
1016 2872 1098 2935 quae
1122 2851 1240 2935 scripta
1263 2857 1374 2935 sunt,›

181 3019 183 3024 .
240 2979 304 3022 nou
327 2961 425 3042 patet.

286 3063 477 3139 Accuratius
508 3062 636 3127 Arrian.
668 3062 713 3128 ΙΙ.
749 3065 799 3127 13.
832 3065 851 3127 8
880 3063 1035 3143 Στράτων
1067 3060 1098 3124 δὲ
1112 3111 1206 3124 .....
1236 3064 1293 3144 τήν
1324 3088 1355 3125 τε

241 3168 393 3254 ’Ἄραδον
424 3173 510 3254 αὐτῷ
542 3171 598 3249 τὴν
622 3180 715 3250 νῆσον
739 3170 792 3229 καὶ
817 3172 873 3249 τὴν
895 3170 1060 3248 Μάραθον
1084 3172 1141 3250 τὴν
1166 3174 1356 3251 καταντικρὺ

240 3291 296 3360 τῆς
326 3275 469 3359 Ἀράδου
499 3276 530 3338 ἐν
561 3287 600 3358 τῇ
627 3275 741 3360 ἠπείρῳ
767 3274 938 3360 ᾠκισμένην
961 3273 1053 3338 πόλιν
1067 3323 1161 3342 .....
1186 3275 1355 3340 ἐνδίδωσιν.

241 3386 295 3450 An
319 3385 401 3449 forte
424 3403 482 3469 pro
505 3389 588 3446 tum
611 3382 784 3466 legendum
807 3382 952 3447 illam?

242 3600 300 3667 IV.
328 3602 355 3664 1.
380 3601 440 3662 22:
466 3597 637 3680 ‘Habitus',
668 3597 792 3682 inquit,
824 3597 886 3661 ‘hio
918 3598 1034 3680 vestis,
1065 3618 1162 3684 quem
1193 3580 1297 3662 cernis
1322 3596 1356 3660 in

464 3705 544 3768 meis
574 3704 740 3787 manibus,
772 3725 845 3767 cum
870 3704 931 3768 isto
953 3704 1101 3789 squalore
1126 3703 1357 3789 permutandus

464 3811 523 3876 tibi
546 3816 603 3876 est.
635 3809 743 3875 Ablue
764 3832 877 3896 corpus
896 3810 1019 3875 inluvie
1039 3810 1193 3897 tetrisque
1213 3811 1358 3876 sordibus

465 3918 657 4006 squalidum.

287 4028 339 4092 Ad
370 4027 540 4092 habitus
570 4025 721 4108 vestis,
754 4025 838 4110 quod
870 4025 997 4110 saepius
1028 4025 1090 4089 viri
1121 4025 1206 4090 docti
1236 4026 1357 4090 iniuria

218 4136 476 4219 sollicitarunt,
510 4132 679 4198 conferant
712 4132 784 4198 Liv.
819 4130 881 4198 IX.
917 4134 969 4197 36.
1006 4135 1043 4197 6:
1078 4134 1134 4198 sed
1169 4154 1229 4198 neo
1259 4133 1358 4198 vestis
