3034 4834
754 310 775 378 4
870 371 872 376 .

252 510 343 586 Quod
373 509 412 574 ad
440 511 474 576 Ο.
500 510 521 576 J
524 512 625 575 ulium
649 511 820 576 Gaesarem
844 513 978 597 attinet,
1002 515 1129 579 nullum
1152 516 1216 580 iam
1240 515 1324 603 peri·

206 619 313 680 culum
346 625 394 681 est
420 639 460 681 ne
484 620 555 704 quis
579 620 617 682 de
642 619 710 682 eius
735 620 862 704 scriptis
886 621 1085 685 coniecturas
1108 623 1222 688 afferat
1245 646 1325 709 quas

144 804 147 809 .
205 726 262 788 alii
285 733 359 788 ante
382 726 592 808 evulgarunt:
617 726 673 789 has
697 747 808 790 omnes
827 727 870 790 H.
890 727 1032 811 Meusel,
1053 730 1103 792 vir
1123 731 1324 794 doctissimus

206 832 389 916 optimeque
414 832 453 894 de
477 830 611 895 ansare
634 833 786 913 meritus,
811 826 875 896 uno
899 833 982 897 libro
1007 835 1117 900 sedulo
1138 837 1325 922 complexus

206 947 269 1020 est,
295 958 358 1023 quo
377 938 486 1002 labore
506 940 633 1003 utiliore
654 961 751 1024 quam
771 939 959 1005 iucundiore
980 943 1154 1006 multorum
1175 941 1324 1008 laudibus

207 1045 414 1128 dignissimus
437 1051 493 1109 est.
533 1118 535 1121 ¹

250 1151 295 1214 At
318 1153 402 1216 bona
425 1173 497 1236 pars
521 1158 685 1216 auctorum
709 1173 802 1215 suum
822 1153 1016 1217 Meuselium
1037 1155 1179 1219 nondum
1198 1156 1325 1220 invenit

205 1279 309 1344 neque
341 1258 378 1332 Q.
410 1257 541 1321 Curtius
564 1248 676 1322 ¹Rufus
708 1259 842 1323 invenit.
885 1260 1103 1348 Quaecunque
1135 1263 1175 1326 de
1202 1283 1239 1328 eo
1264 1263 1325 1326 viri

205 1366 289 1429 docti
322 1403 361 1411 —
394 1385 498 1450 neque
530 1366 625 1450 pauci
657 1372 732 1428 sunt
764 1405 804 1412 -
838 1367 1053 1452 scripserunt,
1085 1391 1196 1454 sparsa
1218 1369 1326 1434 iacent

204 1493 262 1557 per
285 1473 383 1536 libros
406 1473 523 1535 multos
547 1478 643 1556 atque
662 1463 807 1555 libellos,
829 1493 908 1558 quos
928 1475 989 1538 sibi
1009 1497 1120 1540 omnes
1140 1495 1325 1562 comparare

191 1599 298 1642 nemo
330 1580 379 1642 vel
405 1579 562 1650 maximis
586 1579 767 1664 sumptibus
791 1587 911 1664 potest,
936 1581 1151 1646 bibliothecae
1174 1584 1324 1668 publicae

205 1687 323 1748 habere
347 1685 414 1748 fere
437 1707 500 1746 non
526 1701 648 1750 curant.

249 1793 319 1856 Hoc
352 1813 427 1855 sane
458 1789 645 1856 laetandum
676 1793 761 1879 quod
788 1792 917 1857 Ourtius
941 1795 1059 1858 iterum
1083 1801 1181 1882 atque
1205 1796 1324 1860 iterum

172 1958 174 1962 .
204 1900 290 1963 viros
320 1899 585 1985 prudentissimos
610 1900 930 1986 elegantissimoeque
953 1901 1067 1965 habuit
1089 1902 1227 1966 editores
1250 1903 1324 1988 qui,

191 2007 295 2086 bonis
327 2007 509 2069 criticorum
541 2006 731 2074 coniecturis
763 2008 900 2092 receptis
931 2008 1025 2072 malis
1056 2009 1198 2093 omissis,
1226 2011 1323 2074 talem

204 2119 330 2177 textum
350 2113 585 2176 constituerunt
604 2114 734 2198 qualem
749 2113 818 2199 ipse
831 2119 941 2179 auctor
954 2117 1167 2200 composuisse
1180 2138 1199 2180 a
1211 2118 1324 2202 quovis

203 2221 338 2303 lectore,
363 2219 467 2283 Ourtii
491 2220 646 2283 sermonis
670 2220 794 2305 perite,
819 2220 996 2285 censendus
1020 2228 1077 2287 est.

247 2326 331 2410 Ista,
355 2347 426 2390 meo
451 2325 581 2411 quidem
605 2326 740 2408 iudicio,
766 2333 814 2391 est
836 2349 904 2400 una
924 2350 1002 2392 sana
1025 2328 1142 2392 edendi
1165 2330 1256 2396 ratio.

248 2433 307 2496 Oui
335 2435 435 2515 bone,
460 2453 594 2518 quaeso,
619 2440 667 2497 est
690 2454 773 2497 nova
795 2434 932 2497 alicuius
956 2435 1095 2499 auctoris
1119 2435 1217 2500 editio
1241 2456 1323 2522 quae

202 2541 408 2604 librariorum
443 2541 569 2618 mendis
603 2537 742 2605 fideliter
773 2543 908 2605 servatis
941 2548 1066 2605 textum
1097 2543 1253 2607 traditum
1282 2543 1323 2606 ad

162 2630 165 2635 ’
202 2649 338 2712 'verbum
358 2668 545 2732 expressum
565 2648 741 2731 praebeat?
760 2647 822 2730 At,
844 2648 930 2712 dicat
944 2649 1035 2734 quis,
1055 2672 1075 2714 a
1092 2650 1236 2714 codicum
1249 2672 1323 2715 mss.

203 2755 362 2839 scriptura
384 2755 425 2816 iis
449 2753 503 2838 qui
527 2774 596 2816 rem
620 2755 764 2818 criticam
784 2775 935 2819 exercere
955 2757 1084 2845 volunt,
1105 2757 1323 2821 inchoandum

203 2867 259 2926 est.
285 2861 419 2924 Minime
443 2880 541 2943 nego,
566 2860 621 2923 sed
645 2882 700 2924 cur
723 2882 787 2924 non
807 2863 938 2925 inchoat
956 2863 1059 2926 editor
1079 2864 1207 2948 qualem
1227 2885 1323 2948 supra

204 2968 406 3052 significavi?
437 2966 502 3030 Our
533 2988 597 3030 non
629 2967 804 3032 editionem
835 2991 925 3033 suam
956 2963 1091 3055 premit,
1123 2991 1187 3033 non
1218 2968 1322 3034 dicam

204 3096 324 3139 nonum
352 3075 414 3152 sed
431 3075 569 3138 alterum
595 3075 767 3139 tertiumve
791 3075 825 3139 in
848 3098 968 3140 annum
992 3082 1089 3161 atque
1111 3076 1227 3140 deinde
1251 3098 1322 3141 eam

203 3252 290 3300 facto
308 3268 374 3300 cum
393 3250 474 3300 telis
491 3251 529 3298 ad
547 3267 618 3298 sese
634 3250 871 3317 inrumperent.
897 3252 938 3300 Ite
954 3252 1046 3316 legitur
1062 3252 1090 3301 in
1108 3251 1163 3303 cod.
1180 3253 1237 3304 Per.
1252 3254 1323 3304 Sorb.

204 3337 343 3400 ceterisque
367 3333 480 3384 eiusdem
502 3334 625 3384 familiae:
645 3336 690 3384 alii
707 3336 852 3400 interpolati
870 3339 1074 3388 exercitatos
1092 3338 1124 3386 in
1141 3338 1322 3396 audaciam,

203 3422 315 3470 orabat
332 3421 464 3485 praebent,
482 3435 587 3483 quorum
606 3437 672 3470 unus
690 3423 767 3470 verba
784 3422 817 3471 in
834 3422 1003 3471 audaciam
1021 3423 1118 3480 omisit,
1137 3422 1204 3486 quod
1216 3421 1321 3470 Dietsoh

204 3506 326 3572 probarit.
344 3503 456 3568 Wagner
473 3503 534 3563 (Rh.
552 3505 620 3554 Mus.
639 3507 703 3556 1878
721 3523 745 3571 p.
765 3508 824 3566 70⁸2)
843 3507 875 3554 in
892 3507 1053 3555 auxilium
1070 3506 1184 3555 coniecit.

238 3589 286 3638 Est
320 3605 379 3638 sane
412 3588 532 3636 facillima
565 3589 716 3638 emendandi
749 3591 814 3639 ratio
847 3590 874 3638 id
907 3591 991 3639 delere
1025 3588 1093 3653 qnod
1127 3589 1240 3654 intellegi
1271 3605 1323 3639 non

204 3680 300 3738 potest,
323 3673 367 3722 sed
390 3674 444 3721 iure
466 3673 589 3736 rogaveris
612 3673 735 3736 qu'omodo
758 3675 835 3723 verba
851 3674 895 3723 illa
913 3675 940 3723 in
956 3679 1055 3723 textum
1073 3674 1248 3739 pervenerint,
1264 3690 1321 3723 cum

203 3759 388 3823 interpolatoris
411 3758 629 3822 interpretementi
652 3758 755 3806 minime
777 3760 912 3824 praebeant
936 3758 1053 3823 speciem.
1080 3757 1203 3822 Wagneri
1225 3760 1323 3808 coniec-

204 3849 261 3893 tura
288 3858 438 3907 quemquam
471 3842 563 3890 bonum
595 3859 694 3890 sensum
726 3845 842 3907 praebet,
869 3859 919 3892 non
945 3848 983 3890 est
1007 3843 1142 3891 admodum
1171 3843 1322 3908 probabilis:

204 3927 364 3978 auxilium
389 3927 415 3974 in
440 3926 608 3974 audaciam
626 3931 772 3993 corruptum
790 3942 910 3976 essenon
928 3925 1001 3974 facile
1014 3927 1128 3986 credam,
1145 3943 1228 3992 neque
1245 3928 1322 3992 magis

204 4015 286 4078 placet
308 4013 371 4061 illud
395 4013 500 4060 lectos
524 4016 555 4060 et
577 4013 780 4060 exercitatos
803 4013 835 4060 in
858 4010 1034 4059 audaciam.
1065 4011 1193 4075 Equidem
1216 4012 1243 4060 in
1257 4013 1321 4061 banc

204 4098 283 4146 incidi
298 4097 477 4162 suspicionem:
493 4100 618 4144 auctorem
633 4097 762 4161 scripsisse
772 4097 864 4160 ,lectos
872 4101 898 4145 et
907 4095 1064 4160 exercitatos,
1073 4097 1168 4156 orabat,
1177 4093 1321 4145 audaciam!
1392 4140 1397 4146 .
1421 4084 1426 4092 ’

203 4188 231 4234 ut
249 4199 321 4248 grege
339 4181 404 4232 lecto
422 4197 443 4230 e.
461 4197 486 4246 q.
505 4181 542 4230 s.”
