3034 4834
786 273 827 336 26

247 463 446 546 ,dedenfalls
480 467 522 531 ist
555 468 612 532 das
642 467 794 534 Stdrkere
824 468 882 533 das
913 473 1048 533 tutum
1079 489 1169 532 esse
1197 467 1270 532 d.h.
1302 466 1359 530 der

244 572 421 656 Umstand,
453 574 525 638 dass
556 576 612 640 der
643 575 752 659 Konig
783 597 839 639 aur
871 576 942 639 Zeit
972 576 1155 661 iiberhaupt
1182 595 1240 658 gar
1270 574 1360 637 nieht

243 679 423 746 bedroht
453 703 538 766 war3
570 683 684 746 darum
715 682 790 747 darf
813 704 847 746 es
870 683 962 746 nieht
983 683 1028 744 im
1051 681 1284 765 Vordergliede
1307 681 1360 744 bei

243 806 321 848 non
342 825 382 834 -
403 788 519 852 modo
563 789 707 854 stehen.’'
749 789 911 852 Neutrum
946 789 1058 853 oredo:
1093 794 1210 852 tutus
1232 810 1272 842 z
1295 808 1359 850 non

242 892 378 976 petitus,
415 893 506 958 nieht
546 895 698 979 bedroht,
740 896 930 960 invictus
967 915 1061 978 vero,
1091 901 1128 959 ut
1156 895 1221 959 iam
1252 894 1360 959 Kineh

243 1000 368 1063 monuit
386 1001 419 1077 (l.
433 1002 453 1065 l.
475 1023 505 1086 p.
528 1003 710 1086 52),:qui
730 1003 817 1067 vinei
837 1023 901 1066 non
922 1009 1029 1089 posset
1047 1003 1175 1066 etiamsi
1187 1008 1360 1086 peteretur.

243 1104 334 1170 Haeo
363 1107 454 1171 verbi
485 1108 676 1191 significatio
703 1109 966 1194 frequentissima
990 1115 1038 1173 est
1061 1093 1147 1194 apud
1170 1108 1360 1173 Sallustium

242 1218 275 1276 et
295 1213 461 1297 Tacitum,
482 1220 518 1278 ut
538 1215 576 1280 B.
597 1214 627 1280 J.
649 1218 701 1280 43.
723 1219 760 1280 5:
782 1216 867 1301 quod
880 1202 1049 1280 advorsum
1062 1215 1191 1279 divitias
1203 1215 1359 1278 inviotum

243 1320 387 1384 animum
405 1323 555 1406 gerebat,
576 1328 608 1386 et
627 1323 713 1388 Ann.
737 1326 788 1387 15.
809 1325 869 1386 21:
889 1323 1028 1387 invictus
1040 1322 1211 1387 adversum
1222 1322 1361 1405 gratiam

242 1427 377 1492 animus.
420 1427 555 1493 Kinohii
585 1429 784 1515 propositum
815 1437 994 1494 externa
1025 1451 1044 1492 a
1074 1429 1114 1492 vi
1145 1429 1359 1492 necessarium

243 1553 311 1597 esse
343 1534 436 1598 valde
467 1535 588 1600 dubito.
633 1536 750 1600 Nonne
781 1537 886 1621 potuit
912 1541 1090 1600 externa
1113 1536 1154 1598 vi
1177 1536 1246 1599 sine
1269 1556 1360 1620 prae·

241 1641 399 1726 positione
441 1642 481 1705 ab
524 1648 652 1706 auotore
695 1643 849 1728 seriptum
892 1662 960 1705 esse
1003 1662 1060 1727 per
1099 1663 1232 1724 zeugma
1269 1643 1360 1706 verbi

242 1747 451 1832 invictus,
482 1749 566 1832 quod
598 1750 732 1814 verbum
764 1751 795 1814 ei
826 1751 892 1813 iam
923 1756 992 1813 erat
1021 1749 1056 1813 in
1087 1755 1195 1813 mente
1226 1770 1298 1813 oum
1322 1771 1360 1812 ea

242 1856 544 1941 quaepraeeedunt
567 1857 751 1922 scribebat?

243 2067 300 2132 VI.
328 2071 355 2133 7.
381 2072 440 2134 28;
464 2071 561 2135 Tum
595 2093 673 2154 rex,
709 2066 887 2136 identidem
922 2092 1097 2155 quaerens,
1133 2092 1176 2134 an
1207 2069 1359 2134 Philotan

463 2177 598 2260 adisset,
642 2200 681 2242 an
721 2178 891 2243 institisset
924 2178 973 2261 ei,
1009 2183 1046 2241 ut
1079 2177 1286 2263 pervenirent
1319 2177 1360 2240 ad

464 2305 515 2367 se,
539 2305 566 2348 e.
579 2308 609 2368 q.
623 2307 647 2349 s.

287 2389 339 2452 Ad
381 2391 514 2454 verbum
555 2392 853 2476 pervenirent
878 2391 982 2475 Vogel
1027 2391 1206 2455 subiectum
1240 2389 1361 2453 intelli·

242 2495 383 2577 gendum
407 2517 475 2561 esse
497 2499 624 2562 monuit
646 2520 696 2562 ex
718 2499 854 2562 fratre
878 2505 1092 2583 conperta.
1116 2481 1234 2562 Melius
1253 2503 1362 2560 autem

243 2602 370 2665 videtur
404 2605 670 2688 perveniret,
704 2606 789 2688 quod
823 2605 908 2689 apud
940 2605 1088 2668 Fossium
1119 2605 1208 2688 lego,
1239 2604 1362 2667 seilicet

242 2709 397 2774 Philotas.
439 2712 607 2795 Optimum
641 2733 716 2776 vero
747 2713 828 2776 dueo
859 2711 999 2775 seribere
1031 2712 1229 2797 protinus
1260 2711 1361 2791 iret,

243 2817 326 2898 quod
351 2818 419 2880 loeo
442 2825 550 2882 nostro
572 2819 683 2882 abesse
707 2841 772 2882 non
795 2819 893 2882 lieere
915 2819 978 2882 loei
1002 2818 1065 2882 duo
1088 2817 1277 2881 ostendunt:
1302 2816 1362 2880 VI.

246 2925 273 2986 7.
297 2925 336 2986 19
357 2923 503 2988 Philotas
523 2926 713 2990 conlaudato
734 2946 771 2989 eo
791 2925 937 3010 protinus
956 2925 1057 2988 intrat
1072 2924 1111 2988 ad
1125 2923 1361 3007 Alexandrum,

244 3034 276 3092 et
296 3028 354 3093 VI.
375 3033 404 3094 8.
428 3034 467 3094 10
488 3031 591 3106 Quem
610 3034 696 3096 enim
716 3033 807 3117 pium
827 3038 860 3095 et
878 3032 981 3095 bonae
1000 3031 1127 3114 mentis,
1145 3051 1210 3094 non
1223 3030 1362 3105 amioum

243 3136 353 3219 modo,
386 3138 440 3202 sed
472 3158 513 3201 ex
544 3140 663 3206 ultima¹
688 3141 800 3225 plebe,
828 3139 964 3221 auditis,
987 3159 1069 3221 quae
1093 3138 1133 3202 ad
1157 3160 1231 3202 eum
1255 3138 1363 3202 delata

243 3249 350 3326 erant,
375 3266 439 3309 non
463 3246 607 3330 protinus
630 3247 670 3310 ad
694 3268 803 3331 regem
827 3247 926 3310 fuisse
949 3266 1128 3309 cursurum.

243 3457 302 3522 VI.
329 3459 379 3521 10.
405 3460 464 3521 35;
489 3459 558 3542 Ego
592 3461 685 3545 ipse,
717 3461 881 3542 quotiens,
913 3481 995 3543 quae
1027 3459 1210 3541 audieram,
1241 3457 1362 3541 detuli,

487 3585 559 3628 oum
583 3565 725 3629 ludibrio
748 3566 948 3629 credulitatis
971 3567 1120 3653 repulsus
1142 3587 1221 3629 sum.
1258 3564 1292 3629 Si
1311 3571 1362 3647 et,

488 3693 560 3736 eum
580 3673 770 3756 indicamus,
791 3673 888 3736 invisi
908 3681 951 3755 et,
970 3694 1043 3736 eum
1055 3680 1209 3754 tacemus,
1223 3672 1363 3758 suspecti
1443 3655 1448 3664 ¹

488 3799 615 3862 sumus,
637 3779 716 3863 quid
740 3779 847 3843 faeere
870 3801 929 3843 nos
952 3781 1103 3863 oportet?
1134 3814 1137 3819 ·

288 3885 352 3949 Pro
386 3885 517 3949 invisi
547 3886 720 3970 legendum
750 3907 820 3950 esse
851 3886 981 3950 inrisi
1014 3886 1065 3949 vel
1095 3884 1255 3949 inrisui
1286 3891 1362 3949 ante

243 4012 295 4054 me
326 3991 566 4056 Freinshemius
596 3993 709 4057 fratres
740 3993 902 4056 monuisse
933 3992 1018 4077 apud
1049 3991 1226 4056 Kinohium
1251 3992 1362 4075 video,

245 4099 299 4186 qui
342 4104 374 4162 et
415 4099 484 4190 ipse
527 4099 659 4167 Ioannis
701 4099 918 4166 Freinshemii
954 4099 1171 4165 coniecturam
1195 4087 1363 4167 'inrisui
