3034 4834
741 275 781 338 14

240 471 338 562 Haeo¹
364 473 468 556 Vogel
503 471 630 558 scripsit
665 491 707 535 ex
741 470 845 556 Ieepii
880 472 1063 536 oonieotura
1095 493 1152 558 pro
1183 493 1318 558 perse-

156 649 159 656 ,
195 580 415 664 quentium
446 599 600 662 regem,
637 578 721 661 quod
754 578 879 642 oodioes
909 599 983 643 mss.
1014 579 1181 663 praebent.
1221 579 1316 662 Foss,

195 709 238 751 ex
272 687 363 751 euius
397 686 596 771 praefatione
631 685 706 749 novi
741 686 840 750 verba
875 685 1053 750 editoribus
1087 686 1172 750 male
1207 685 1317 763 addita

195 815 263 858 esse
298 793 418 876 videri,
455 799 494 856 et
527 792 691 877 apposuit:
727 798 767 856 et
796 792 1146 876 persequentium
1177 813 1316 877 regem

196 900 354 983 scribens,
378 905 603 985 persequentes
626 919 734 981 regem
759 907 869 964 autem
892 920 956 962 non
979 899 1130 963 barbaros
1150 920 1237 982 esse,
1262 898 1316 964 sed

195 1007 385 1071 Macedones
415 1026 523 1089 regem
557 1006 744 1069 comitantes
768 1006 944 1070 affirmans.
979 1005 1060 1070 (lum
1084 1003 1194 1072 tamen
1219 1006 1317 1071 verba

195 1115 267 1177 sint
289 1112 472 1180 Alexandri
502 1113 588 1196 regis
618 1112 659 1176 ad
688 1111 874 1195 Craterum,
899 1134 963 1177 non
987 1106 1081 1177 oredo
1103 1134 1194 1195 eum,
1219 1113 1258 1176 de
1282 1134 1316 1177 se

194 1221 379 1304 loquentem
411 1219 466 1302 (se
497 1219 618 1283 intrare
651 1257 691 1266 -
725 1213 736 1281 i
744 1240 816 1303 pse
846 1219 877 1284 h.
908 1219 1109 1304 fefellisset),
1133 1241 1208 1283 mox
1231 1221 1316 1304 regis

194 1327 288 1392 titulo
310 1348 343 1391 se
364 1326 576 1410 significasse,
597 1326 786 1412 praesertim
807 1347 879 1390 oum
899 1348 965 1398 non
981 1333 1064 1390 esset
1080 1347 1136 1391 our
1147 1325 1315 1390 Craterum

194 1433 318 1517 dignit
321 1433 361 1496 tis
392 1453 469 1496 suae
500 1433 560 1497 hoo
590 1433 659 1496 loeo
691 1432 962 1497 admoneret-
922 1433 1150 1516 -Equidem
1174 1434 1316 1518 suspicor

193 1540 543 1627 persequentium
586 1559 741 1623 regem,
784 1540 924 1625 primum
968 1546 1132 1622 tamquam
1175 1541 1316 1604 barba·

194 1669 333 1711 rorum
370 1646 683 1732 trepidantium
726 1646 975 1710 illustrationem
1010 1646 1044 1708 in
1079 1647 1225 1730 margine
1260 1647 1316 1710 ad·

193 1755 329 1841 scripta,
354 1752 470 1817 deinde
493 1753 612 1817 iniuria
631 1753 666 1816 in
686 1744 870 1817 contextam
889 1752 1066 1816 orationem
1087 1773 1157 1816 esse
1176 1760 1315 1838 recepta.
1430 1812 1434 1820 .

88 1951 89 1960 ἵ
193 1967 251 2033 VI.
278 1971 307 2032 9.
332 1961 391 2032 21':
428 1967 497 2042 Quo
529 1987 580 2030 me
612 1967 794 2050 conferam,
826 1967 970 2032 milites?
1000 1967 1052 2032 oui
1083 1972 1181 2053 eaput
1206 1989 1315 2032 meum

427 2074 589 2138 oredamf'
620 2075 806 2158 Equitatui,
841 2075 981 2160 optimae
1017 2075 1179 2162 exereitus
1212 2075 1313 2160 parti,

428 2181 630 2268 principibus
682 2182 902 2247 nobilissimae
958 2183 1095 2246 inventu
1096 2182 1156 2265 tis,
1213 2203 1314 2246 unum

429 2287 580 2374 praefeci.
695 2355 697 2360 ,

237 2397 319 2462 Sunt
306 2401 387 2461 tea
415 2395 449 2458 in
474 2395 617 2476 oratione
629 2416 704 2564 tqua
728 2395 917 2460 Alexander
940 2396 1102 2459 Philotam
1126 2358 1331 2460 insidiarum

191 2503 359 2568 insimulat
384 2523 478 2586 quem
502 2502 641 2586 ipsetot
664 2507 735 2564 ttan
736 2503 827 2585 isque
846 2502 996 2568 affecerit
1017 2503 1201 2584 benefieiis,
1226 2509 1258 2566 et
1244 2502 1313 2566 tid

192 2610 322 2694 quidem
357 2614 513 2672 eoramt
513 2614 565 2672 oto
600 2608 745 2672 exercitu
724 2608 843 2691 ιι(οι
875 2607 909 2672 Ο.
942 2611 971 2673 8.
1006 2611 1065 2672 23.
1100 2630 1159 2674 rex
1194 2609 1313 2691 edixit
1317 2604 1319 2607 ’

192 2737 302 2781 omnes
340 2715 456 2780 armati
491 2714 638 2798 coirent.)
679 2714 777 2779 Haud
811 2715 906 2780 faeile
941 2715 1153 2780 adduoart
1116 2723 1153 2780 ut
1186 2717 1314 2780 oredam

193 2845 252 2888 auo
254 2828 355 2904 torem
387 2820 614 2885 Alexandrum
646 2821 824 2904 equitatum
856 2843 949 2886 suum
973 2831 1029 2908 opt
1029 2823 1127 2886 imam
1152 2824 1313 2887 exereitus

192 2937 317 3017 partem
353 2929 594 3015 praedicantem
629 2927 751 2993 fecisse.
789 2928 881 3003 Quod
913 2931 940 2993 si
971 2951 1082 2994 verum
1114 2936 1213 3012 esset,
1248 2951 1312 2993 non

193 3037 353 3124 professus
388 3043 471 3100 esset
506 3056 565 3099 rex
596 3041 662 3099 ιοιο
696 3036 842 3099 exereitu
871 3044 1057 3121 praesente,
1092 3037 1183 3100 ouius
1213 3036 1313 3100 multo

193 3145 294 3209 maior
324 3165 398 3228 pars
427 3143 573 3229 peditum
606 3146 682 3206 erat.
718 3142 780 3206 Sed
813 3164 854 3207 ne
885 3165 998 3208 verum
1022 3143 1151 3227 quidem
1174 3143 1254 3227 fuit,
1278 3150 1315 3206 ut

194 3271 305 3316 omnes
327 3249 432 3314 Ourtii
455 3250 591 3314 leotores
615 3248 734 3334 optime
758 3249 873 3315 οοίιιιιι.Ι
986 3274 988 3277 ·

239 3358 354 3421 Nonne
385 3355 539 3441 suspioari
569 3355 722 3419 debemus
753 3356 851 3420 verba
881 3344 1064 3442 optimae
1096 3358 1313 3422 exereitus

194 3463 308 3551 parti
339 3461 448 3525 addita
468 3483 536 3526 esse
558 3483 655 3525 manu
675 3463 811 3526 alieuius
829 3464 885 3546 qui
905 3463 1088 3528 Alexandri
1107 3465 1140 3527 in
1161 3465 1312 3528 Philotan

160 3564 162 3569 ’
194 3569 353 3637 beneficia
375 3569 478 3652 magis
500 3569 669 3654 perspieua
692 3569 829 3634 reddere
852 3570 1021 3637 studeret?

196 3783 272 3850 VII.
300 3786 327 3848 1.
352 3784 411 3846 34:
446 3781 614 3867 Ceterum,
645 3803 722 3866 rex,
753 3805 852 3868 equos
882 3785 992 3849 deoem
1016 3786 1133 3850 habui:
1157 3807 1174 3851 e
1198 3789 1314 3871 quibus

447 3889 651 3975 Antiphanes
691 3897 760 3955 οοιο
803 3892 867 3955 iam
910 3892 1118 3956 distribuerat
1155 3894 1213 3977 iis,
1258 3896 1313 3977 qui

448 3998 622 4061 amiserant
653 4019 741 4080 suos,
773 3998 902 4061 omnino
933 3997 1011 4063 duos
1035 4000 1211 4065 habebam:
1235 4022 1314 4084 quos

375 4151 377 4156 -
448 4125 521 4168 oum
564 4104 664 4168 vellet
709 4104 868 4169 abducere
914 4105 1009 4170 homo
1051 4108 1313 4199 superbissimus,
