<?xml version="1.0" encoding="UTF-8"?>
<!DOCTYPE html PUBLIC "-//W3C//DTD XHTML 1.0 Transitional//EN"
    "http://www.w3.org/TR/xhtml1/DTD/xhtml1-transitional.dtd">
<html xmlns="http://www.w3.org/1999/xhtml" xml:lang="en" lang="en">
 <head>
  <title>
</title>
<meta http-equiv="Content-Type" content="text/html;charset=utf-8" />
  <meta name='ocr-system' content='tesseract 3.04.00' />
  <meta name='ocr-capabilities' content='ocr_page ocr_carea ocr_par ocr_line ocrx_word'/>
</head>
<body>
  <div class='ocr_page' id='page_1' title='image "./lectionescurtia00damsgoog_0012.png"; bbox 0 0 3034 4834; ppageno 0'>
   <div class='ocr_carea' id='block_1_1' title="bbox 754 291 773 353">
    <p class='ocr_par' dir='ltr' id='par_1_1' title="bbox 754 291 773 353">
     <span class='ocr_line' id='line_1_1' title="bbox 754 291 773 353; baseline 0 0"><span class='ocrx_word' id='word_1_1' title='bbox 754 291 773 353; x_wconf 81' lang='lat'>8</span> 
     </span>
    </p>
   </div>
   <div class='ocr_carea' id='block_1_2' title="bbox 171 485 1324 2070">
    <p class='ocr_par' dir='ltr' id='par_1_2' title="bbox 201 485 1319 786">
     <span class='ocr_line' id='line_1_2' title="bbox 201 485 1317 573; baseline 0.001 -22"><span class='ocrx_word' id='word_1_2' title='bbox 201 508 276 551; x_wconf 88' lang='lat' dir='ltr'>men</span> <span class='ocrx_word' id='word_1_3' title='bbox 312 507 433 573; x_wconf 89' lang='lat' dir='ltr'>quae,</span> <span class='ocrx_word' id='word_1_4' title='bbox 468 491 565 572; x_wconf 90' lang='lat' dir='ltr'>atque</span> <span class='ocrx_word' id='word_1_5' title='bbox 599 491 724 552; x_wconf 89' lang='lat' dir='ltr'>mutata</span> <span class='ocrx_word' id='word_1_6' title='bbox 758 485 1019 571; x_wconf 80' lang='lat' dir='ltr'>interpunctione</span> <span class='ocrx_word' id='word_1_7' title='bbox 1052 487 1096 552; x_wconf 88' lang='lat' dir='ltr'>sic</span> <span class='ocrx_word' id='word_1_8' title='bbox 1126 488 1317 572; x_wconf 91' lang='lat' dir='ltr'>legendum:</span> 
     </span>
     <span class='ocr_line' id='line_1_3' title="bbox 291 593 1319 680; baseline 0.005 -23"><span class='ocrx_word' id='word_1_9' title='bbox 291 594 386 657; x_wconf 92' lang='lat' dir='ltr'>simul</span> <span class='ocrx_word' id='word_1_10' title='bbox 429 615 533 680; x_wconf 88' lang='lat' dir='ltr'>quae</span> <span class='ocrx_word' id='word_1_11' title='bbox 571 599 663 658; x_wconf 89' lang='lat' dir='ltr'>erant</span> <span class='ocrx_word' id='word_1_12' title='bbox 697 593 812 657; x_wconf 90' lang='lat' dir='ltr'>emissa</span> <span class='ocrx_word' id='word_1_13' title='bbox 845 593 880 657; x_wconf 92' lang='lat' dir='ltr'>in</span> <span class='ocrx_word' id='word_1_14' title='bbox 915 593 1060 678; x_wconf 88' lang='lat' dir='ltr'>eosdem,</span> <span class='ocrx_word' id='word_1_15' title='bbox 1096 595 1319 667; x_wconf 74' lang='lat' dir='ltr'>concurrentia</span> 
     </span>
     <span class='ocr_line' id='line_1_4' title="bbox 290 695 1098 786; baseline 0 -22"><span class='ocrx_word' id='word_1_16' title='bbox 290 701 529 786; x_wconf 84' lang='lat' dir='ltr'>inplicabantur</span> <span class='ocrx_word' id='word_1_17' title='bbox 542 698 578 786; x_wconf 88' lang='grc'>1).</span> <span class='ocrx_word' id='word_1_18' title='bbox 1092 695 1098 706; x_wconf 80' lang='grc'><strong>’</strong></span> 
     </span>
    </p>

    <p class='ocr_par' dir='ltr' id='par_1_3' title="bbox 202 807 1321 1107">
     <span class='ocr_line' id='line_1_5' title="bbox 202 807 1140 894; baseline -0.001 -21"><span class='ocrx_word' id='word_1_19' title='bbox 202 809 252 873; x_wconf 91' lang='lat' dir='ltr'>De</span> <span class='ocrx_word' id='word_1_20' title='bbox 276 808 391 872; x_wconf 88' lang='lat' dir='ltr'>iisdem</span> <span class='ocrx_word' id='word_1_21' title='bbox 414 808 633 893; x_wconf 83' lang='lat' dir='ltr'>pugnantibus</span> <span class='ocrx_word' id='word_1_22' title='bbox 657 808 767 894; x_wconf 91' lang='lat' dir='ltr'>paullo</span> <span class='ocrx_word' id='word_1_23' title='bbox 789 807 923 871; x_wconf 87' lang='lat' dir='ltr'>inferius</span> <span class='ocrx_word' id='word_1_24' title='bbox 946 808 1025 872; x_wconf 87' lang='lat' dir='ltr'>haec</span> <span class='ocrx_word' id='word_1_25' title='bbox 1048 815 1140 872; x_wconf 89' lang='lat' dir='ltr'>sunt:</span> 
     </span>
     <span class='ocr_line' id='line_1_6' title="bbox 284 915 1321 1001; baseline 0.001 -22"><span class='ocrx_word' id='word_1_26' title='bbox 284 915 374 979; x_wconf 50' lang='lat' dir='ltr'>*duae</span> <span class='ocrx_word' id='word_1_27' title='bbox 413 915 533 1001; x_wconf 90' lang='lat' dir='ltr'>quippe</span> <span class='ocrx_word' id='word_1_28' title='bbox 568 915 652 979; x_wconf 91' lang='lat' dir='ltr'>acies</span> <span class='ocrx_word' id='word_1_29' title='bbox 686 915 732 978; x_wconf 88' lang='lat' dir='ltr'>ita</span> <span class='ocrx_word' id='word_1_30' title='bbox 767 915 997 998; x_wconf 83' lang='lat' dir='ltr'>cohaerebant,</span> <span class='ocrx_word' id='word_1_31' title='bbox 1032 921 1069 978; x_wconf 92' lang='lat' dir='ltr'>ut</span> <span class='ocrx_word' id='word_1_32' title='bbox 1101 916 1199 980; x_wconf 87' lang='lat' dir='ltr'>armis</span> <span class='ocrx_word' id='word_1_33' title='bbox 1232 938 1321 983; x_wconf 90' lang='lat' dir='ltr'>arma</span> 
     </span>
     <span class='ocr_line' id='line_1_7' title="bbox 292 1021 1013 1107; baseline -0.001 -21"><span class='ocrx_word' id='word_1_34' title='bbox 292 1023 475 1107; x_wconf 82' lang='lat' dir='ltr'>pulsarent,</span> <span class='ocrx_word' id='word_1_35' title='bbox 498 1043 667 1087; x_wconf 92' lang='lat' dir='ltr'>mucrones</span> <span class='ocrx_word' id='word_1_36' title='bbox 690 1021 725 1085; x_wconf 93' lang='lat' dir='ltr'>in</span> <span class='ocrx_word' id='word_1_37' title='bbox 748 1041 804 1086; x_wconf 91' lang='lat' dir='ltr'>ora</span> <span class='ocrx_word' id='word_1_38' title='bbox 827 1021 1013 1105; x_wconf 89' lang='lat' dir='ltr'>dirigerent.</span> 
     </span>
    </p>

    <p class='ocr_par' dir='ltr' id='par_1_4' title="bbox 171 1127 1323 1642">
     <span class='ocr_line' id='line_1_8' title="bbox 248 1127 1322 1215; baseline 0 -21"><span class='ocrx_word' id='word_1_39' title='bbox 248 1129 319 1194; x_wconf 89' lang='lat' dir='ltr'>Hoc</span> <span class='ocrx_word' id='word_1_40' title='bbox 338 1135 464 1211; x_wconf 85' lang='lat' dir='ltr'>tamen,</span> <span class='ocrx_word' id='word_1_41' title='bbox 489 1129 574 1215; x_wconf 91' lang='lat' dir='ltr'>quod</span> <span class='ocrx_word' id='word_1_42' title='bbox 593 1149 763 1193; x_wconf 90' lang='lat' dir='ltr'>mucrones</span> <span class='ocrx_word' id='word_1_43' title='bbox 782 1129 818 1191; x_wconf 93' lang='lat' dir='ltr'>in</span> <span class='ocrx_word' id='word_1_44' title='bbox 837 1149 893 1192; x_wconf 89' lang='lat' dir='ltr'>cra</span> <span class='ocrx_word' id='word_1_45' title='bbox 912 1127 1111 1212; x_wconf 83' lang='lat' dir='ltr'>dirigebant,</span> <span class='ocrx_word' id='word_1_46' title='bbox 1132 1150 1197 1194; x_wconf 93' lang='lat' dir='ltr'>non</span> <span class='ocrx_word' id='word_1_47' title='bbox 1217 1135 1322 1215; x_wconf 86' lang='lat' dir='ltr'>potest</span> 
     </span>
     <span class='ocr_line' id='line_1_9' title="bbox 205 1235 1321 1322; baseline -0.001 -21"><span class='ocrx_word' id='word_1_48' title='bbox 205 1243 290 1301; x_wconf 79' lang='lat' dir='ltr'>esse·</span> <span class='ocrx_word' id='word_1_49' title='bbox 315 1241 541 1320; x_wconf 86' lang='lat' dir='ltr'>argumentum</span> <span class='ocrx_word' id='word_1_50' title='bbox 584 1235 835 1322; x_wconf 82' lang='lat' dir='ltr'>propinquitatis</span> <span class='ocrx_word' id='word_1_51' title='bbox 876 1235 1099 1320; x_wconf 88' lang='lat' dir='ltr'>pugnantium.</span> <span class='ocrx_word' id='word_1_52' title='bbox 1144 1235 1199 1300; x_wconf 85' lang='lat' dir='ltr'>An</span> <span class='ocrx_word' id='word_1_53' title='bbox 1239 1235 1321 1301; x_wconf 87' lang='lat' dir='ltr'>forte</span> 
     </span>
     <span class='ocr_line' id='line_1_10' title="bbox 171 1341 1321 1429; baseline -0.001 -22"><span class='ocrx_word' id='word_1_54' title='bbox 171 1345 173 1349; x_wconf 80' lang='grc'><strong>’</strong></span> <span class='ocrx_word' id='word_1_55' title='bbox 205 1342 429 1426; x_wconf 87' lang='lat' dir='ltr'>corrigendum</span> <span class='ocrx_word' id='word_1_56' title='bbox 458 1341 707 1426; x_wconf 88' lang='lat' dir='ltr'>derigerent</span> <span class='ocrx_word' id='word_1_57' title='bbox 729 1343 775 1406; x_wconf 88' lang='lat' dir='ltr'>ita</span> <span class='ocrx_word' id='word_1_58' title='bbox 799 1348 835 1404; x_wconf 90' lang='lat' dir='ltr'>ut</span> <span class='ocrx_word' id='word_1_59' title='bbox 857 1341 943 1406; x_wconf 94' lang='lat' dir='ltr'>idem</span> <span class='ocrx_word' id='word_1_60' title='bbox 967 1343 1010 1405; x_wconf 90' lang='lat' dir='ltr'>sit</span> <span class='ocrx_word' id='word_1_61' title='bbox 1031 1343 1116 1429; x_wconf 95' lang='lat' dir='ltr'>quod</span> <span class='ocrx_word' id='word_1_62' title='bbox 1141 1342 1321 1429; x_wconf 85' lang='lat' dir='ltr'>desuper</span> 
     </span>
     <span class='ocr_line' id='line_1_11' title="bbox 205 1447 1323 1538; baseline -0.001 -24"><span class='ocrx_word' id='word_1_63' title='bbox 205 1449 473 1532; x_wconf 76' lang='lat' dir='ltr'>dirigerent?</span> <span class='ocrx_word' id='word_1_64' title='bbox 494 1447 541 1512; x_wconf 83' lang='lat' dir='ltr'>Of.</span> <span class='ocrx_word' id='word_1_65' title='bbox 562 1448 637 1512; x_wconf 83' lang='lat' dir='ltr'>Tac.</span> <span class='ocrx_word' id='word_1_66' title='bbox 659 1448 745 1512; x_wconf 87' lang='lat' dir='ltr'>Ann.</span> <span class='ocrx_word' id='word_1_67' title='bbox 765 1448 792 1512; x_wconf 94' lang='lat' dir='ltr'>I.</span> <span class='ocrx_word' id='word_1_68' title='bbox 815 1450 873 1512; x_wconf 83' lang='lat'>35:</span> <span class='ocrx_word' id='word_1_69' title='bbox 894 1447 1014 1512; x_wconf 89' lang='lat' dir='ltr'>ferrum</span> <span class='ocrx_word' id='word_1_70' title='bbox 1036 1471 1055 1513; x_wconf 92' lang='lat' dir='ltr'>a</span> <span class='ocrx_word' id='word_1_71' title='bbox 1073 1449 1177 1514; x_wconf 88' lang='lat' dir='ltr'>latere</span> <span class='ocrx_word' id='word_1_72' title='bbox 1188 1449 1323 1538; x_wconf 91' lang='lat' dir='ltr'>diripuit</span> 
     </span>
     <span class='ocr_line' id='line_1_12' title="bbox 205 1555 781 1642; baseline -0.005 -21"><span class='ocrx_word' id='word_1_73' title='bbox 205 1558 390 1642; x_wconf 89' lang='lat' dir='ltr'>elatumque</span> <span class='ocrx_word' id='word_1_74' title='bbox 414 1555 578 1620; x_wconf 89' lang='lat' dir='ltr'>deferebat</span> <span class='ocrx_word' id='word_1_75' title='bbox 601 1556 635 1618; x_wconf 91' lang='lat' dir='ltr'>in</span> <span class='ocrx_word' id='word_1_76' title='bbox 660 1561 781 1640; x_wconf 88' lang='lat' dir='ltr'>pectus.</span> 
     </span>
    </p>

    <p class='ocr_par' dir='ltr' id='par_1_5' title="bbox 205 1661 1324 2070">
     <span class='ocr_line' id='line_1_13' title="bbox 240 1661 1323 1748; baseline -0.001 -20"><span class='ocrx_word' id='word_1_77' title='bbox 240 1663 302 1728; x_wconf 82' lang='lat' dir='ltr'>Ad</span> <span class='ocrx_word' id='word_1_78' title='bbox 334 1663 502 1726; x_wconf 88' lang='lat' dir='ltr'>conlato</span> <span class='ocrx_word' id='word_1_79' title='bbox 532 1662 653 1748; x_wconf 85' lang='lat' dir='ltr'>pede,</span> <span class='ocrx_word' id='word_1_80' title='bbox 685 1683 769 1748; x_wconf 89' lang='lat' dir='ltr'>quae</span> <span class='ocrx_word' id='word_1_81' title='bbox 797 1668 873 1725; x_wconf 90' lang='lat' dir='ltr'>sunt</span> <span class='ocrx_word' id='word_1_82' title='bbox 902 1662 936 1724; x_wconf 94' lang='lat' dir='ltr'>in</span> <span class='ocrx_word' id='word_1_83' title='bbox 968 1661 1080 1728; x_wconf 85' lang='lat' dir='ltr'>eadem</span> <span class='ocrx_word' id='word_1_84' title='bbox 1104 1664 1323 1748; x_wconf 85' lang='lat' dir='ltr'>paragrapho,</span> 
     </span>
     <span class='ocr_line' id='line_1_14' title="bbox 205 1768 1324 1855; baseline -0.001 -21"><span class='ocrx_word' id='word_1_85' title='bbox 205 1770 343 1834; x_wconf 90' lang='lat' dir='ltr'>conferri</span> <span class='ocrx_word' id='word_1_86' title='bbox 373 1775 504 1854; x_wconf 87' lang='lat' dir='ltr'>possunt</span> <span class='ocrx_word' id='word_1_87' title='bbox 534 1769 659 1834; x_wconf 84' lang='lat' dir='ltr'>Ennius</span> <span class='ocrx_word' id='word_1_88' title='bbox 690 1769 738 1846; x_wconf 83' lang='lat' dir='ltr'>(L.</span> <span class='ocrx_word' id='word_1_89' title='bbox 770 1768 909 1832; x_wconf 90' lang='lat' dir='ltr'>Mueller</span> <span class='ocrx_word' id='word_1_90' title='bbox 939 1789 970 1854; x_wconf 89' lang='lat' dir='ltr'>p.</span> <span class='ocrx_word' id='word_1_91' title='bbox 1002 1770 1076 1853; x_wconf 61' lang='lat'>50:</span> <span class='ocrx_word' id='word_1_92' title='bbox 1107 1776 1140 1833; x_wconf 91' lang='lat' dir='ltr'>et</span> <span class='ocrx_word' id='word_1_93' title='bbox 1162 1769 1243 1854; x_wconf 91' lang='lat' dir='ltr'>pede</span> <span class='ocrx_word' id='word_1_94' title='bbox 1268 1790 1324 1855; x_wconf 88' lang='lat' dir='ltr'>pes</span> 
     </span>
     <span class='ocr_line' id='line_1_15' title="bbox 206 1875 1323 1963; baseline -0.002 -23"><span class='ocrx_word' id='word_1_95' title='bbox 206 1877 362 1963; x_wconf 89' lang='lat' dir='ltr'>premitur</span> <span class='ocrx_word' id='word_1_96' title='bbox 393 1881 490 1961; x_wconf 92' lang='lat' dir='ltr'>atque</span> <span class='ocrx_word' id='word_1_97' title='bbox 521 1876 620 1939; x_wconf 90' lang='lat' dir='ltr'>armis</span> <span class='ocrx_word' id='word_1_98' title='bbox 643 1897 732 1940; x_wconf 87' lang='lat' dir='ltr'>arma</span> <span class='ocrx_word' id='word_1_99' title='bbox 755 1881 917 1958; x_wconf 80' lang='lat' dir='ltr'>teruntur,</span> <span class='ocrx_word' id='word_1_100' title='bbox 942 1881 975 1940; x_wconf 90' lang='lat' dir='ltr'>ct</span> <span class='ocrx_word' id='word_1_101' title='bbox 997 1875 1057 1940; x_wconf 86' lang='lat' dir='ltr'>Ov.</span> <span class='ocrx_word' id='word_1_102' title='bbox 1081 1875 1157 1940; x_wconf 86' lang='lat' dir='ltr'>Met.</span> <span class='ocrx_word' id='word_1_103' title='bbox 1182 1876 1242 1940; x_wconf 88' lang='lat' dir='ltr'>IX.</span> <span class='ocrx_word' id='word_1_104' title='bbox 1264 1877 1323 1939; x_wconf 87' lang='lat'>44:</span> 
     </span>
     <span class='ocr_line' id='line_1_16' title="bbox 206 1982 782 2070; baseline -0.005 -21"><span class='ocrx_word' id='word_1_105' title='bbox 206 1990 339 2070; x_wconf 87' lang='lat' dir='ltr'>eratque</span> <span class='ocrx_word' id='word_1_106' title='bbox 363 2004 436 2047; x_wconf 91' lang='lat' dir='ltr'>cum</span> <span class='ocrx_word' id='word_1_107' title='bbox 460 1983 541 2068; x_wconf 91' lang='lat' dir='ltr'>pede</span> <span class='ocrx_word' id='word_1_108' title='bbox 564 2003 621 2068; x_wconf 88' lang='lat' dir='ltr'>pes</span> <span class='ocrx_word' id='word_1_109' title='bbox 644 1982 782 2047; x_wconf 91' lang='lat' dir='ltr'>iunctus.</span> 
     </span>
    </p>
   </div>
   <div class='ocr_carea' id='block_1_3' title="bbox 165 2196 1330 3458">
    <p class='ocr_par' dir='ltr' id='par_1_6' title="bbox 206 2196 1327 2603">
     <span class='ocr_line' id='line_1_17' title="bbox 206 2196 1326 2282; baseline -0.004 -19"><span class='ocrx_word' id='word_1_110' title='bbox 206 2197 265 2263; x_wconf 90' lang='lat' dir='ltr'>IV.</span> <span class='ocrx_word' id='word_1_111' title='bbox 292 2201 320 2264; x_wconf 83' lang='grc'>1.</span> <span class='ocrx_word' id='word_1_112' title='bbox 345 2200 382 2261; x_wconf 81' lang='lat'>2:</span> <span class='ocrx_word' id='word_1_113' title='bbox 406 2196 508 2262; x_wconf 87' lang='lat' dir='ltr'>Pauci</span> <span class='ocrx_word' id='word_1_114' title='bbox 528 2217 639 2280; x_wconf 87' lang='lat' dir='ltr'>regem</span> <span class='ocrx_word' id='word_1_115' title='bbox 657 2198 892 2282; x_wconf 86' lang='lat' dir='ltr'>sequebantur:</span> <span class='ocrx_word' id='word_1_116' title='bbox 912 2217 988 2260; x_wconf 84' lang='lat' dir='ltr'>nam</span> <span class='ocrx_word' id='word_1_117' title='bbox 1008 2217 1068 2261; x_wconf 88' lang='lat' dir='ltr'>nec</span> <span class='ocrx_word' id='word_1_118' title='bbox 1087 2196 1200 2261; x_wconf 90' lang='lat' dir='ltr'>eodem</span> <span class='ocrx_word' id='word_1_119' title='bbox 1216 2217 1326 2261; x_wconf 91' lang='lat' dir='ltr'>omnes</span> 
     </span>
     <span class='ocr_line' id='line_1_18' title="bbox 406 2303 1327 2389; baseline -0.002 -21"><span class='ocrx_word' id='word_1_120' title='bbox 406 2304 516 2388; x_wconf 88' lang='lat' dir='ltr'>fugam</span> <span class='ocrx_word' id='word_1_121' title='bbox 546 2304 755 2368; x_wconf 88' lang='lat' dir='ltr'>intenderant</span> <span class='ocrx_word' id='word_1_122' title='bbox 783 2310 816 2368; x_wconf 89' lang='lat' dir='ltr'>et</span> <span class='ocrx_word' id='word_1_123' title='bbox 838 2303 1062 2367; x_wconf 90' lang='lat' dir='ltr'>deficientibus</span> <span class='ocrx_word' id='word_1_124' title='bbox 1085 2303 1176 2389; x_wconf 92' lang='lat' dir='ltr'>equis</span> <span class='ocrx_word' id='word_1_125' title='bbox 1200 2324 1327 2368; x_wconf 89' lang='lat' dir='ltr'>cursum</span> 
     </span>
     <span class='ocr_line' id='line_1_19' title="bbox 407 2409 1326 2498; baseline -0.002 -23"><span class='ocrx_word' id='word_1_126' title='bbox 407 2432 534 2494; x_wconf 90' lang='lat' dir='ltr'>eorum,</span> <span class='ocrx_word' id='word_1_127' title='bbox 567 2431 646 2498; x_wconf 92' lang='lat' dir='ltr'>quos</span> <span class='ocrx_word' id='word_1_128' title='bbox 672 2431 731 2474; x_wconf 80' lang='lat' dir='ltr'>ren</span> <span class='ocrx_word' id='word_1_129' title='bbox 753 2409 890 2474; x_wconf 86' lang='lat' dir='ltr'>subinde</span> <span class='ocrx_word' id='word_1_130' title='bbox 913 2411 1076 2494; x_wconf 82' lang='lat' dir='ltr'>mutabat,</span> <span class='ocrx_word' id='word_1_131' title='bbox 1099 2431 1238 2496; x_wconf 89' lang='lat' dir='ltr'>aequare</span> <span class='ocrx_word' id='word_1_132' title='bbox 1262 2431 1326 2475; x_wconf 92' lang='lat' dir='ltr'>non</span> 
     </span>
     <span class='ocr_line' id='line_1_20' title="bbox 408 2523 607 2603; baseline -0.01 -21"><span class='ocrx_word' id='word_1_133' title='bbox 408 2523 568 2603; x_wconf 88' lang='lat' dir='ltr'>poterant.</span> <span class='ocrx_word' id='word_1_134' title='bbox 604 2570 607 2580; x_wconf 88' lang='lat'>.</span> 
     </span>
    </p>

    <p class='ocr_par' dir='ltr' id='par_1_7' title="bbox 165 2624 1330 3458">
     <span class='ocr_line' id='line_1_21' title="bbox 253 2624 1328 2711; baseline -0.002 -21"><span class='ocrx_word' id='word_1_135' title='bbox 253 2625 335 2691; x_wconf 77' lang='lat' dir='ltr'>Cum</span> <span class='ocrx_word' id='word_1_136' title='bbox 369 2625 438 2690; x_wconf 88' lang='lat' dir='ltr'>aius</span> <span class='ocrx_word' id='word_1_137' title='bbox 472 2624 557 2711; x_wconf 90' lang='lat' dir='ltr'>quod</span> <span class='ocrx_word' id='word_1_138' title='bbox 588 2624 681 2710; x_wconf 89' lang='lat' dir='ltr'>pauci</span> <span class='ocrx_word' id='word_1_139' title='bbox 716 2645 823 2709; x_wconf 88' lang='lat' dir='ltr'>regem</span> <span class='ocrx_word' id='word_1_140' title='bbox 854 2625 1072 2709; x_wconf 88' lang='lat' dir='ltr'>sequebantur</span> <span class='ocrx_word' id='word_1_141' title='bbox 1102 2625 1203 2689; x_wconf 85' lang='lat' dir='ltr'>altera</span> <span class='ocrx_word' id='word_1_142' title='bbox 1234 2639 1328 2689; x_wconf 87' lang='lat' dir='ltr'>causa</span> 
     </span>
     <span class='ocr_line' id='line_1_22' title="bbox 210 2731 1330 2816; baseline -0.004 -18"><span class='ocrx_word' id='word_1_143' title='bbox 210 2734 335 2798; x_wconf 89' lang='lat' dir='ltr'>dicatur</span> <span class='ocrx_word' id='word_1_144' title='bbox 357 2753 454 2814; x_wconf 65' lang='lat' dir='ltr'>⁸„non</span> <span class='ocrx_word' id='word_1_145' title='bbox 485 2731 597 2796; x_wconf 92' lang='lat' dir='ltr'>ecdem</span> <span class='ocrx_word' id='word_1_146' title='bbox 627 2731 737 2796; x_wconf 90' lang='lat' dir='ltr'>omnes</span> <span class='ocrx_word' id='word_1_147' title='bbox 767 2732 877 2816; x_wconf 90' lang='lat' dir='ltr'>fugam</span> <span class='ocrx_word' id='word_1_148' title='bbox 908 2731 1125 2815; x_wconf 85' lang='lat' dir='ltr'>intendisse”,</span> <span class='ocrx_word' id='word_1_149' title='bbox 1155 2732 1258 2796; x_wconf 89' lang='lat' dir='ltr'>altera</span> <span class='ocrx_word' id='word_1_150' title='bbox 1287 2731 1330 2794; x_wconf 89' lang='lat' dir='ltr'>sit</span> 
     </span>
     <span class='ocr_line' id='line_1_23' title="bbox 207 2836 1328 2925; baseline -0.003 -21"><span class='ocrx_word' id='word_1_151' title='bbox 207 2861 337 2904; x_wconf 90' lang='lat' dir='ltr'>necesse</span> <span class='ocrx_word' id='word_1_152' title='bbox 369 2845 417 2904; x_wconf 90' lang='lat' dir='ltr'>est</span> <span class='ocrx_word' id='word_1_153' title='bbox 450 2860 539 2922; x_wconf 84' lang='lat' dir='ltr'>„eos,</span> <span class='ocrx_word' id='word_1_154' title='bbox 571 2839 627 2925; x_wconf 92' lang='lat' dir='ltr'>qui</span> <span class='ocrx_word' id='word_1_155' title='bbox 658 2839 770 2903; x_wconf 89' lang='lat' dir='ltr'>eodem</span> <span class='ocrx_word' id='word_1_156' title='bbox 802 2860 865 2924; x_wconf 90' lang='lat' dir='ltr'>quo</span> <span class='ocrx_word' id='word_1_157' title='bbox 889 2858 949 2902; x_wconf 83' lang='lat' dir='ltr'>rex</span> <span class='ocrx_word' id='word_1_158' title='bbox 971 2837 1080 2922; x_wconf 88' lang='lat' dir='ltr'>fugam</span> <span class='ocrx_word' id='word_1_159' title='bbox 1103 2836 1328 2919; x_wconf 84' lang='lat' dir='ltr'>intenderant,</span> 
     </span>
     <span class='ocr_line' id='line_1_24' title="bbox 209 2942 1328 3030; baseline -0.004 -20"><span class='ocrx_word' id='word_1_160' title='bbox 209 2947 316 3010; x_wconf 90' lang='lat' dir='ltr'>minus</span> <span class='ocrx_word' id='word_1_161' title='bbox 346 2945 445 3011; x_wconf 88' lang='lat' dir='ltr'>fuisse</span> <span class='ocrx_word' id='word_1_162' title='bbox 468 2945 619 3010; x_wconf 88' lang='lat' dir='ltr'>celeres&#39;’.</span> <span class='ocrx_word' id='word_1_163' title='bbox 642 2945 757 3030; x_wconf 92' lang='lat' dir='ltr'>Itaque</span> <span class='ocrx_word' id='word_1_164' title='bbox 781 2944 876 3009; x_wconf 92' lang='lat' dir='ltr'>credo</span> <span class='ocrx_word' id='word_1_165' title='bbox 900 2945 985 3009; x_wconf 91' lang='lat' dir='ltr'>inter</span> <span class='ocrx_word' id='word_1_166' title='bbox 1008 2951 1048 3008; x_wconf 93' lang='lat' dir='ltr'>et</span> <span class='ocrx_word' id='word_1_167' title='bbox 1070 2949 1103 3008; x_wconf 89' lang='lat' dir='ltr'>et</span> <span class='ocrx_word' id='word_1_168' title='bbox 1126 2942 1328 3008; x_wconf 86' lang='lat' dir='ltr'>deficien-</span> 
     </span>
     <span class='ocr_line' id='line_1_25' title="bbox 210 3046 1329 3138; baseline -0.004 -21"><span class='ocrx_word' id='word_1_169' title='bbox 210 3046 325 3118; x_wconf 88' lang='lat' dir='ltr'>tibus</span> <span class='ocrx_word' id='word_1_170' title='bbox 357 3052 514 3117; x_wconf 81' lang='lat' dir='ltr'>excidisse</span> <span class='ocrx_word' id='word_1_171' title='bbox 545 3051 703 3138; x_wconf 78' lang='lat' dir='ltr'>quaedam</span> <span class='ocrx_word' id='word_1_172' title='bbox 726 3073 752 3116; x_wconf 79' lang='grc' dir='ltr'>θ.</span> <span class='ocrx_word' id='word_1_173' title='bbox 767 3071 796 3134; x_wconf 88' lang='lat' dir='ltr'>g.</span> <span class='ocrx_word' id='word_1_174' title='bbox 823 3051 894 3137; x_wconf 92' lang='lat' dir='ltr'>qui</span> <span class='ocrx_word' id='word_1_175' title='bbox 918 3051 1057 3125; x_wconf 90' lang='lat' dir='ltr'>secuti</span> <span class='ocrx_word' id='word_1_176' title='bbox 1082 3055 1221 3132; x_wconf 88' lang='lat' dir='ltr'>erant,</span> <span class='ocrx_word' id='word_1_177' title='bbox 1245 3069 1329 3134; x_wconf 88' lang='lat' dir='ltr'>quae</span> 
     </span>
     <span class='ocr_line' id='line_1_26' title="bbox 165 3155 1330 3246; baseline -0.004 -21"><span class='ocrx_word' id='word_1_178' title='bbox 165 3233 166 3236; x_wconf 8' lang='grc' dir='ltr'><strong>Ἴ</strong></span> <span class='ocrx_word' id='word_1_179' title='bbox 209 3162 341 3246; x_wconf 89' lang='lat' dir='ltr'>propter</span> <span class='ocrx_word' id='word_1_180' title='bbox 382 3160 472 3224; x_wconf 86' lang='lat' dir='ltr'>verbi</span> <span class='ocrx_word' id='word_1_181' title='bbox 507 3159 787 3223; x_wconf 89' lang='lat' dir='ltr'>intenderant</span> <span class='ocrx_word' id='word_1_182' title='bbox 822 3158 960 3221; x_wconf 88' lang='lat' dir='ltr'>similem</span> <span class='ocrx_word' id='word_1_183' title='bbox 995 3157 1120 3220; x_wconf 88' lang='lat' dir='ltr'>exitum</span> <span class='ocrx_word' id='word_1_184' title='bbox 1155 3155 1274 3242; x_wconf 92' lang='lat' dir='ltr'>optime</span> <span class='ocrx_word' id='word_1_185' title='bbox 1310 3177 1330 3220; x_wconf 90' lang='lat' dir='ltr'>a</span> 
     </span>
     <span class='ocr_line' id='line_1_27' title="bbox 212 3262 1330 3351; baseline -0.004 -21"><span class='ocrx_word' id='word_1_186' title='bbox 212 3267 343 3331; x_wconf 89' lang='lat' dir='ltr'>librario</span> <span class='ocrx_word' id='word_1_187' title='bbox 374 3265 590 3351; x_wconf 88' lang='lat' dir='ltr'>praetermitti</span> <span class='ocrx_word' id='word_1_188' title='bbox 620 3270 802 3350; x_wconf 89' lang='lat' dir='ltr'>potuerunt.</span> <span class='ocrx_word' id='word_1_189' title='bbox 840 3262 889 3328; x_wconf 84' lang='lat' dir='ltr'>Of.</span> <span class='ocrx_word' id='word_1_190' title='bbox 922 3262 982 3330; x_wconf 84' lang='lat' dir='ltr'>IV.</span> <span class='ocrx_word' id='word_1_191' title='bbox 998 3266 1034 3329; x_wconf 68' lang='lat'>1,</span> <span class='ocrx_word' id='word_1_192' title='bbox 1060 3265 1121 3328; x_wconf 86' lang='lat'>34:</span> <span class='ocrx_word' id='word_1_193' title='bbox 1146 3262 1330 3328; x_wconf 91' lang='lat' dir='ltr'>cumomni</span> 
     </span>
     <span class='ocr_line' id='line_1_28' title="bbox 212 3372 852 3458; baseline -0.005 -20"><span class='ocrx_word' id='word_1_194' title='bbox 212 3395 327 3456; x_wconf 87' lang='lat' dir='ltr'>manu,</span> <span class='ocrx_word' id='word_1_195' title='bbox 351 3394 433 3458; x_wconf 89' lang='lat' dir='ltr'>quae</span> <span class='ocrx_word' id='word_1_196' title='bbox 455 3372 616 3456; x_wconf 90' lang='lat' dir='ltr'>fugientes</span> <span class='ocrx_word' id='word_1_197' title='bbox 639 3377 748 3444; x_wconf 88' lang='lat' dir='ltr'>secuta</span> <span class='ocrx_word' id='word_1_198' title='bbox 772 3377 852 3435; x_wconf 88' lang='lat' dir='ltr'>erat.</span> 
     </span>
    </p>
   </div>
   <div class='ocr_carea' id='block_1_4' title="bbox 156 3582 1332 3991">
    <p class='ocr_par' dir='ltr' id='par_1_8' title="bbox 257 3582 1332 3864">
     <span class='ocr_line' id='line_1_29' title="bbox 257 3582 1330 3672; baseline -0.006 -22"><span class='ocrx_word' id='word_1_199' title='bbox 257 3586 316 3652; x_wconf 87' lang='lat' dir='ltr'>IV.</span> <span class='ocrx_word' id='word_1_200' title='bbox 342 3588 372 3653; x_wconf 84' lang='lat'>2.</span> <span class='ocrx_word' id='word_1_201' title='bbox 398 3589 415 3650; x_wconf 78' lang='lat'>7</span> <span class='ocrx_word' id='word_1_202' title='bbox 425 3608 432 3650; x_wconf 92' lang='lat'>:</span> <span class='ocrx_word' id='word_1_203' title='bbox 458 3586 607 3672; x_wconf 87' lang='lat' dir='ltr'>Namque</span> <span class='ocrx_word' id='word_1_204' title='bbox 628 3584 780 3661; x_wconf 88' lang='lat' dir='ltr'>urbcma</span> <span class='ocrx_word' id='word_1_205' title='bbox 799 3583 978 3648; x_wconf 90' lang='lat' dir='ltr'>continenti</span> <span class='ocrx_word' id='word_1_206' title='bbox 991 3589 1142 3668; x_wconf 86' lang='lat' dir='ltr'>quattuor</span> <span class='ocrx_word' id='word_1_207' title='bbox 1154 3582 1330 3648; x_wconf 88' lang='lat' dir='ltr'>stadiorum</span> 
     </span>
     <span class='ocr_line' id='line_1_30' title="bbox 457 3689 1332 3757; baseline -0.005 -2"><span class='ocrx_word' id='word_1_208' title='bbox 457 3692 576 3757; x_wconf 89' lang='lat' dir='ltr'>fretum</span> <span class='ocrx_word' id='word_1_209' title='bbox 595 3691 728 3755; x_wconf 88' lang='lat' dir='ltr'>dividit:</span> <span class='ocrx_word' id='word_1_210' title='bbox 749 3690 860 3755; x_wconf 86' lang='lat' dir='ltr'>Africo</span> <span class='ocrx_word' id='word_1_211' title='bbox 876 3690 1018 3754; x_wconf 83' lang='lat' dir='ltr'>maxime</span> <span class='ocrx_word' id='word_1_212' title='bbox 1030 3690 1191 3755; x_wconf 88' lang='lat' dir='ltr'>obiectum</span> <span class='ocrx_word' id='word_1_213' title='bbox 1204 3689 1332 3754; x_wconf 92' lang='lat' dir='ltr'>crebros</span> 
     </span>
     <span class='ocr_line' id='line_1_31' title="bbox 459 3796 1077 3864; baseline -0.006 -1"><span class='ocrx_word' id='word_1_214' title='bbox 459 3820 499 3864; x_wconf 89' lang='lat' dir='ltr'>ex</span> <span class='ocrx_word' id='word_1_215' title='bbox 523 3801 589 3863; x_wconf 89' lang='lat' dir='ltr'>alto</span> <span class='ocrx_word' id='word_1_216' title='bbox 611 3800 727 3862; x_wconf 87' lang='lat' dir='ltr'>fluetus</span> <span class='ocrx_word' id='word_1_217' title='bbox 749 3798 784 3861; x_wconf 91' lang='lat' dir='ltr'>in</span> <span class='ocrx_word' id='word_1_218' title='bbox 808 3798 886 3862; x_wconf 88' lang='lat' dir='ltr'>litus</span> <span class='ocrx_word' id='word_1_219' title='bbox 910 3796 1039 3862; x_wconf 86' lang='lat' dir='ltr'>evolvit.</span> <span class='ocrx_word' id='word_1_220' title='bbox 1075 3804 1077 3809; x_wconf 86' lang='lat'>&#39;</span> 
     </span>
    </p>

    <p class='ocr_par' dir='ltr' id='par_1_9' title="bbox 156 3902 1332 3991">
     <span class='ocr_line' id='line_1_32' title="bbox 156 3902 1332 3991; baseline -0.005 -20"><span class='ocrx_word' id='word_1_221' title='bbox 156 3919 157 3922; x_wconf 76' lang='grc'>’</span> <span class='ocrx_word' id='word_1_222' title='bbox 242 3908 391 3976; x_wconf 57' lang='lat' dir='ltr'>,Fretum</span> <span class='ocrx_word' id='word_1_223' title='bbox 421 3907 520 3991; x_wconf 91' lang='lat' dir='ltr'>igitur</span> <span class='ocrx_word' id='word_1_224' title='bbox 544 3907 659 3970; x_wconf 89' lang='lat' dir='ltr'>fluctus</span> <span class='ocrx_word' id='word_1_225' title='bbox 683 3906 831 3970; x_wconf 85' lang='lat' dir='ltr'>evolvere</span> <span class='ocrx_word' id='word_1_226' title='bbox 856 3904 989 3986; x_wconf 83' lang='lat' dir='ltr'>dicitur,</span> <span class='ocrx_word' id='word_1_227' title='bbox 1013 3924 1085 3967; x_wconf 93' lang='lat' dir='ltr'>cum</span> <span class='ocrx_word' id='word_1_228' title='bbox 1108 3902 1204 3988; x_wconf 73' lang='lat' dir='ltr'>vulgo</span> <span class='ocrx_word' id='word_1_229' title='bbox 1227 3904 1332 3990; x_wconf 91' lang='lat' dir='ltr'>ipsum</span> 
     </span>
    </p>
   </div>
   <div class='ocr_carea' id='block_1_5' title="bbox 214 4044 1333 4211">
    <p class='ocr_par' dir='ltr' id='par_1_10' title="bbox 214 4044 1333 4211">
     <span class='ocr_line' id='line_1_33' title="bbox 249 4044 1333 4140; baseline -0.004 -16"><span class='ocrx_word' id='word_1_230' title='bbox 249 4058 273 4140; x_wconf 73' lang='lat' dir='ltr'>¹)v</span> <span class='ocrx_word' id='word_1_231' title='bbox 290 4075 352 4124; x_wconf 82' lang='lat' dir='ltr'>Foss</span> <span class='ocrx_word' id='word_1_232' title='bbox 374 4075 417 4124; x_wconf 88' lang='lat' dir='ltr'>l.l.</span> <span class='ocrx_word' id='word_1_233' title='bbox 440 4091 465 4140; x_wconf 92' lang='lat' dir='ltr'>p.</span> <span class='ocrx_word' id='word_1_234' title='bbox 488 4077 532 4124; x_wconf 76' lang='lat'>32:</span> <span class='ocrx_word' id='word_1_235' title='bbox 555 4087 708 4137; x_wconf 83' lang='lat' dir='ltr'>„pronomen</span> <span class='ocrx_word' id='word_1_236' title='bbox 733 4071 881 4136; x_wconf 83' lang='lat' dir='ltr'>relativum,</span> <span class='ocrx_word' id='word_1_237' title='bbox 904 4044 954 4134; x_wconf 80' lang='lat' dir='ltr'>quo</span> <span class='ocrx_word' id='word_1_238' title='bbox 970 4069 1037 4120; x_wconf 90' lang='lat' dir='ltr'>nihil</span> <span class='ocrx_word' id='word_1_239' title='bbox 1053 4086 1114 4120; x_wconf 85' lang='lat' dir='ltr'>sane</span> <span class='ocrx_word' id='word_1_240' title='bbox 1130 4069 1288 4136; x_wconf 83' lang='lat' dir='ltr'>frequentius</span> <span class='ocrx_word' id='word_1_241' title='bbox 1305 4070 1333 4120; x_wconf 89' lang='lat' dir='ltr'>in</span> 
     </span>
     <span class='ocr_line' id='line_1_34' title="bbox 214 4156 651 4211; baseline -0.011 0"><span class='ocrx_word' id='word_1_242' title='bbox 214 4159 342 4211; x_wconf 81' lang='lat' dir='ltr'>codicibus</span> <span class='ocrx_word' id='word_1_243' title='bbox 359 4158 486 4210; x_wconf 80' lang='lat' dir='ltr'>Curtianis</span> <span class='ocrx_word' id='word_1_244' title='bbox 502 4156 651 4208; x_wconf 88' lang='lat' dir='ltr'>omittitur”.</span> 
     </span>
    </p>
   </div>
   <div class='ocr_carea' id='block_1_6' title="bbox 0 0 1539 4834">
    <p class='ocr_par' dir='ltr' id='par_1_11' title="bbox 0 0 1539 4834">
     <span class='ocr_line' id='line_1_35' title="bbox 0 0 1539 4834; baseline 0 0"><span class='ocrx_word' id='word_1_245' title='bbox 0 0 1539 4834; x_wconf 95' lang='lat' dir='ltr'> </span> 
     </span>
    </p>
   </div>
  </div>
 </body>
</html>
