3034 4834
736 265 777 326 23

195 465 442 544 praeceperant,
473 465 510 523 ut
539 460 635 545 paulo
666 459 812 544 superius
843 463 908 523 est:
940 459 1096 544 ‘utrisque
1123 458 1227 522 laetus
1249 454 1313 520 fuit

195 567 310 631 beluae
340 572 505 651 aspectusi
536 565 727 630 Macedones
751 567 813 629 iter
835 553 982 629 iaciendo
1006 565 1095 650 operi
1118 570 1312 628 monstrasse
1348 607 1350 609 ·

194 695 266 738 eam
297 673 558 757 augurabantur'
600 673 717 737 Nescio
748 674 861 736 an'sit
890 673 1065 756 legendum
1088 693 1252 753 nomen,
1276 675 1313 732 ut

195 780 299 843 estin
323 779 383 846 IX.
409 783 438 844 2.
466 782 522 843 14:
547 787 656 843 nostra
679 801 805 864 quoque
829 780 946 864 gloria,
971 801 1042 842 cum
1067 779 1109 841 sit
1131 800 1173 842 ex
1193 776 1312 859 solido,

195 886 268 972 plus
291 894 399 951 tamen
423 887 522 951 habet
545 886 684 949 nominis
707 908 803 970 quam
827 886 949 971 operis,
968 892 1000 950 et
1018 885 1104 970 apud
1124 886 1195 950 Liv.
1217 883 1312 948 ἯΙΙ.

198 996 247 1058 11.
281 996 318 1057 6:
350 994 566 1079 victoriaeque
597 1013 714 1084 nomen
745 999 871 1056 tantum
903 1014 1002 1077 penes
1033 993 1195 1056 Romanos
1225 1011 1312 1073 esse,

195 1105 334 1165 ceteram
358 1121 414 1184 pro
438 1100 533 1163 victis
556 1099 719 1162 fortunam
742 1104 775 1162 et
796 1099 870 1162 illos
892 1120 1012 1184 gerere.

238 1207 290 1272 Ita
332 1206 423 1292 Tyrii
465 1206 594 1270 nomine
633 1206 789 1271 victoriae
823 1213 856 1270 et
888 1207 1105 1290 gratulatione
1138 1205 1203 1268 iam
1237 1210 1312 1268 ante

193 1313 396 1396 fruebantur,
416 1313 490 1398 ,ipsa
513 1312 647 1377 victoria
670 1311 775 1377 adhuc
799 1312 919 1379 deerat.

193 1526 252 1592 [V.
279 1530 307 1591 9.
335 1529 391 1590 15:
415 1526 465 1590 Ac
484 1526 587 1611 primo
607 1526 755 1610 caligine,
777 1547 873 1612 quam
892 1526 1000 1589 fumus
1019 1525 1186 1607 effuderat,
1202 1524 1312 1588 obscu-

415 1641 508 1697 rante
531 1635 637 1697 lucem
660 1633 850 1696 insidiarum
874 1639 963 1697 metu
984 1632 1137 1696 substitit.

238 1740 386 1825 Caligo
420 1741 505 1825 apud
540 1739 687 1804 Curtium
719 1739 805 1803 idem
840 1746 889 1803 est
922 1739 1006 1825 quod
1038 1760 1154 1823 vapor,
1186 1737 1312 1821 fumus,

195 1848 279 1933 quod
310 1848 424 1934 probat
454 1846 512 1910 IV.
549 1849 598 1911 12.
631 1849 690 1910 20:
723 1847 778 1910 sed
810 1847 930 1930 caligo,
958 1868 1055 1932 quam
1080 1846 1165 1910 circa
1187 1844 1312 1908 humidi

194 1953 375 2018 effuderant
414 1959 555 2036 montes,
596 1954 781 2018 universam
823 1954 973 2039 equidem
1015 1953 1062 2017 rei
1096 1952 1213 2016 faciem
1248 1971 1312 2015 non

194 2060 336 2124 abstulit.
372 2059 446 2124 Non
469 2059 532 2123 dici
556 2065 660 2146 potest
684 2061 782 2144 igitur
805 2059 930 2123 fumum
953 2060 1125 2144 caliginem
1145 2058 1312 2140 effudisse,

196 2188 271 2250 nec,
305 2167 331 2230 si
363 2167 500 2231 fumus
519 2189 633 2231 sanum
657 2174 757 2250 esset,
783 2167 1000 2231 effuderat
1022 2166 1057 2229 in
1079 2167 1149 2230 loco
1172 2166 1311 2250 positum

195 2279 296 2357 essct,
338 2273 393 2350 sed
436 2273 662 2356 effecerat,
698 2275 1014 2359 glomeraverat
1048 2274 1100 2338 vel
1134 2274 1199 2337 tale
1233 2272 1311 2358 quid

195 2381 457 2446 desideraremus.
482 2382 513 2445 N
515 2402 577 2445 unc
597 2388 705 2445 tamen
718 2404 776 2467 pro
795 2383 932 2446 fumus
952 2382 1095 2466 suspicor
1107 2380 1311 2445 scribendum

196 2508 264 2552 esse
288 2488 444 2552 humus.

238 2596 371 2660 Praeter
400 2596 506 2659 locum
537 2595 571 2658 in
603 2595 698 2658 huius
724 2595 799 2660 libri
824 2596 927 2680 capite
954 2597 1013 2680 12,
1036 2616 1132 2679 quem
1156 2595 1311 2677 cimbam,

194 2702 228 2767 id
250 2723 381 2766 monere
406 2703 555 2766 videntur
580 2703 678 2766 verba
698 2723 780 2785 quae
800 2703 1013 2787 praecedunt:
1034 2709 1100 2766 tota
1120 2702 1208 2786 regio
1228 2702 1314 2766 ultra

194 2831 323 2874 amnem
346 2809 467 2874 recenti
486 2809 631 2873 fumabat
650 2809 816 2872 incendio:
829 2810 949 2895 quippe
968 2810 1127 2887 Mazaeus,
1142 2830 1313 2894 quaecum·

195 2938 256 3001 que
280 2916 421 2999 adierat,
445 2914 532 2980 haud
557 2936 649 2979 secus
673 2937 770 3002 quam
793 2916 894 2979 hostis
917 2917 1040 2980 urebat.

196 3129 235 3194 V.
263 3133 290 3196 1.
318 3133 374 3193 18:
395 3128 447 3192 Ad
479 3130 538 3193 hoc
564 3129 614 3193 vir
636 3129 773 3193 illustris
797 3135 829 3193 et
851 3151 949 3192 manu
973 3135 1139 3214 promptus
1162 3129 1312 3214 famaque

395 3237 493 3300 etiam
535 3237 683 3321 proximo
724 3237 846 3321 proelio
881 3237 1018 3300 celebris
1054 3243 1086 3300 et
1120 3241 1239 3300 ceteros
1273 3235 1313 3299 ad

396 3342 593 3407 deditionem
619 3344 667 3406 sui
691 3344 884 3407 incitaturus
907 3344 1057 3429 exemplo
1081 3343 1260 3407 videbatur.

240 3447 311 3512 Sui
354 3448 394 3512 ad
437 3448 702 3513 deditionem
745 3452 886 3534 pertinet
922 3451 1069 3534 quamvis
1104 3450 1146 3513 sit
1179 3449 1312 3514 minime

194 3555 420 3620 necessarium.
467 3555 519 3618 Ad
562 3556 778 3642 exemplo
819 3564 928 3620 tamen
970 3559 1027 3621 vix
1061 3562 1166 3643 potest
1201 3558 1312 3622 abesse

194 3662 385 3746 significatio
414 3662 533 3747 aliqua.
577 3662 662 3745 Ergo
691 3664 772 3727 mihi
804 3671 928 3728 constat
958 3671 1014 3728 aut
1043 3664 1217 3748 legendum
1243 3685 1312 3730 esse

193 3791 265 3833 suo
295 3775 350 3834 aut
379 3776 451 3856 post
476 3770 540 3832 sui
564 3770 721 3834 excidisse
745 3791 821 3834 suo.
840 3777 971 3857 propter
994 3772 1173 3836 litterarum
1198 3772 1311 3835 simili·

195 3876 349 3941 tudinem.

195 4090 235 4154 V.
261 4092 290 4154 8.
317 4090 430 4155 14:81
466 4092 519 4156 hio
553 4092 696 4174 animus,
731 4091 757 4153 si
793 4091 874 4156 haec
907 4093 978 4177 lex,
1013 4093 1096 4157 nulli
1126 4113 1191 4156 non
1220 4099 1312 4179 parta
