3034 4834
723 285 766 350 25

183 486 276 546 runt:
311 481 437 547 Merula
471 482 567 548 situ
602 483 802 567 munita,
836 481 915 546 Foss
948 502 1005 568 pro
1039 485 1138 544 tuta
1171 476 1299 563 scripsit

182 587 317 673 invia,
342 589 546 654 Henrichsen
570 591 692 677 recepit
715 597 867 655 natura
890 589 972 653 sibi
995 594 1098 652 tuta.

227 696 318 761 Haec
349 717 475 783 quoque
499 698 601 782 Vogel
626 698 806 763 observavit
826 697 901 762 fieri
923 695 1064 783 potuisse
1087 700 1162 758 ante
1184 698 1299 757 natu·

183 824 253 868 rae
285 804 442 868 excidisse
473 811 597 870 terra.
640 805 722 869 Mihi
754 805 886 890 quidem
916 825 980 867 non
1010 802 1139 866 videtur
1164 800 1299 864 verbum

183 910 313 993 aliquod
343 911 519 995 excidisse,
550 912 605 977 sed
637 911 841 976 scribendum
872 931 959 976 esse:
990 916 1023 974 et
1044 929 1123 993 gens
1146 907 1299 972 bellicosa

183 1023 216 1081 et
237 1022 372 1082 naturae
396 1018 459 1082 situ
483 1018 626 1082 difficilis
649 1018 763 1084 adituS
786 1039 897 1082 curam
920 1017 1005 1101 regis
1027 1015 1222 1080 intenderat.

183 1229 241 1294 VI.
266 1232 295 1295 5.
323 1233 380 1295 ll:
403 1231 520 1317 Itaque
562 1253 620 1297 rex
661 1232 865 1317 indignatus,
906 1233 933 1296 si
975 1252 1040 1295 una
1080 1251 1160 1314 gens
1193 1234 1300 1315 posset

405 1338 549 1423 efficere,
583 1361 624 1404 ne
657 1341 797 1405 invictus
832 1346 931 1423 esset,
967 1337 1195 1425 inpedimentis
1225 1357 1298 1400 cum

345 1495 347 1504 ,
404 1446 562 1530 praesidio
582 1447 704 1512 relictis
723 1447 833 1512 valida
852 1469 950 1511 manu
962 1432 1299 1529 comitanteprocedit.

227 1551 290 1615 Pro
332 1551 512 1637 valida,
555 1554 639 1639 quod
681 1554 834 1619 Muetzell
876 1551 1029 1636 coniecit,
1065 1551 1188 1616 codices
1224 1571 1298 1614 mss.

182 1657 347 1723 invicta
389 1659 484 1743 dant,
525 1660 610 1746 quod
646 1682 688 1725 ex
722 1661 933 1726 antecedente
968 1659 1159 1724 invictus
1193 1662 1299 1721 ortum

182 1765 320 1830 videtur.
356 1764 443 1831 Alii:
475 1763 698 1853 expedita,
729 1768 913 1851 delecta,
937 1768 1087 1849 multa,
1111 1765 1298 1848 mixta1),

183 1878 241 1936 cet.
286 1872 429 1947 Quorum
471 1872 549 1959 quid
583 1873 618 1939 Ο.
655 1875 820 1961 scripserit
852 1875 936 1939 effici
971 1895 1035 1938 non
1069 1893 1161 1958 posse
1195 1870 1299 1955 Vogel

182 1978 363 2062 contendit,
406 1981 490 2065 quod
525 1981 593 2045 viro
627 1981 719 2046 docto
753 1982 927 2047 concedere
960 2003 1025 2045 non
1061 2001 1199 2067 possum.
1242 1977 1301 2042 Elst

182 2085 270 2149 enim
303 2084 380 2149 VII.
417 2087 447 2150 5.
486 2089 500 2151 1
537 2088 625 2152 locus
658 2094 767 2152 nostro
802 2088 1003 2171 simillimus,
1037 2086 1092 2171 qui
1126 2086 1298 2150 lectionem

182 2192 412 2278 expedita
454 2215 565 2258 veram
606 2215 675 2260 esse
709 2196 891 2263 luculenter
926 2196 1138 2259 demonstrat:
1177 2192 1300 2276 ,Igitur

182 2299 427 2364 Bactrianorum
459 2301 588 2385 regione
618 2301 779 2367 Artabazo
810 2303 929 2367 tradita
955 2298 1096 2366 sarcinas
1119 2305 1153 2364 et
1174 2298 1299 2385 inpedi-

182 2411 291 2470 menta
331 2406 377 2472 ibi
419 2428 492 2471 cum
530 2395 690 2494 praesidio
724 2409 887 2493 relinquit.
929 2409 1004 2495 Ipse
1039 2428 1112 2471 cum
1146 2404 1299 2491 expedito

181 2512 311 2596 agmine
345 2513 415 2578 loca
446 2514 572 2579 deserta
603 2515 836 2600 Sogdianorum
868 2514 999 2580 intrat.''
1030 2513 1078 2579 uf.
1108 2513 1207 2577 etiam
1238 2510 1297 2578 IV.

182 2621 212 2684 3.
239 2621 275 2683 1:
300 2619 370 2705 ipse
393 2641 466 2684 cum
490 2622 641 2708 expedita
663 2644 762 2687 manu
785 2622 941 2688 Arabiam
964 2621 1068 2709 petiit.

152 2891 154 2895 ,
181 2832 239 2898 VI.
267 2836 295 2898 7.
323 2836 358 2898 1;
382 2833 453 2898 Iam
484 2855 604 2899 nonum
635 2837 721 2901 diem
751 2838 869 2902 stativa
900 2843 1009 2920 erant,
1041 2857 1132 2919 cum,
1164 2839 1298 2899 externa

382 2941 415 3005 vi
446 2962 510 3005 non
542 2942 681 3008 invictus
713 2944 807 3009 modo
839 2945 892 3009 sed
924 2950 1029 3027 tutus,
1062 2964 1121 3008 rex
1143 2942 1298 3006 intestino

380 3047 522 3112 facinore
546 3051 725 3134 petebatur.

225 3149 358 3217 Codices
389 3155 473 3235 haec¹
497 3155 634 3221 habent:
666 3164 846 3223 externa
875 3159 916 3224 vi
940 3180 1018 3222 non
1043 3163 1160 3222 tutus
1182 3156 1297 3220 modo

182 3277 273 3340 rex,
306 3258 375 3323 sed
398 3259 604 3346 invictus,
627 3263 661 3330 in
686 3265 802 3348 quibus
825 3265 872 3329 nil
897 3264 1087 3334 mutandum
1111 3283 1179 3328 esse
1202 3268 1297 3349 puto,

182 3384 288 3449 neque
321 3365 422 3429 ullius
456 3387 498 3430 ex
532 3369 724 3434 coniecturis
758 3372 997 3456 (intritus,
1032 3370 1298 3452 interritus,

182 3470 404 3556 intactus),
435 3473 552 3557 quibus
581 3476 643 3540 viri
667 3477 751 3542 docti
774 3480 910 3545 verbum
933 3479 1123 3544 invictus
1146 3477 1298 3541 sollicita-

83 3640 87 3648 .
181 3584 273 3661 runt,
316 3579 404 3644 locus
438 3579 583 3665 indigere
618 3583 755 3650 videtur.
799 3585 902 3650 Oredo
936 3586 976 3650 cb
1010 3585 1200 3649 invictus
1233 3604 1297 3647 non

182 3684 264 3749 bene
295 3685 497 3752 intellectum
528 3689 634 3753 locum
664 3691 880 3777 suspicionem
902 3693 1047 3757 movisse.
1084 3691 1188 3775 Vogel
1211 3689 1297 3754 enim

182 3790 221 3854 ad
245 3792 379 3857 verbum
403 3794 570 3859 adnotavit
587 3796 920 3864 invictuszillc
944 3806 1148 3885 tempore,
1168 3818 1298 3882 usque

182 3897 229 3962 ad
263 3899 374 3964 illud
410 3907 574 3988 tempus
610 3926 819 3989 nunquam
853 3907 1010 3991 victus,
1045 3908 1124 3972 haec
1158 3904 1297 3969 addens:

219 4137 238 4199 ¹)
256 4135 278 4188 Ι.
296 4137 318 4190 1.
336 4136 495 4191 Cornelissen
511 4140 539 4192 in
556 4141 735 4212 Mnemosyncs
752 4144 889 4198 Volumina
906 4146 954 4198 IV.
967 4103 1045 4198 idib.
1062 4163 1087 4216 p.
1103 4150 1143 4199 d‘l.
