3034 4834
755 320 774 383 9

201 514 321 580 fretum
351 515 438 580 volvi
462 515 580 598 soleat,
604 519 718 578 ventus
740 519 849 578 autem
873 513 1012 577 volvere.
1048 512 1090 577 Et
1112 512 1147 575 in
1172 511 1213 574 iis
1238 529 1320 599 quae

203 622 350 707 proxime
374 611 570 707 sequuntur:
598 621 684 703 „Nee
708 620 896 706 accipiendo
920 620 1027 705 operi,
1048 640 1111 705 quo
1130 617 1322 683 Macedones

203 729 381 793 continenti
404 729 543 792 insulam
562 729 696 813 iungere
715 728 890 813 parabant,
912 727 1084 813 quicquam
1104 726 1206 810 magis
1225 745 1321 811 quam

203 836 399 899 illeventus
422 835 606 918 obstabat,’‘
629 835 669 899 de
692 841 806 918 ventu,
829 855 893 898 non
917 835 957 898 de
979 834 1062 898 freto
1086 854 1190 897 sermo
1213 837 1269 896 est.

213 975 215 980 .
250 943 356 1007 Etiam
379 942 524 1007 conferas
547 943 643 1026 Verg.
668 941 750 1007 Aen.
780 945 806 1004 l.
833 945 874 1007 85
898 964 967 1028 sqq.

294 1049 368 1114 Una
390 1050 566 1135 Eurusque
584 1049 752 1135 Notusque
775 1039 874 1114 ruunt
897 1049 1071 1134 creberque
1094 1046 1242 1132 procellis

293 1156 425 1221 Africus
448 1162 481 1221 et
503 1163 609 1220 vastos
631 1156 767 1220 volvunt
788 1156 838 1220 ad·
852 1157 961 1220 littora
984 1156 1115 1237 fluctus,

205 1270 238 1328 et
268 1263 356 1356 Curt.
388 1263 447 1328 IV.
481 1266 510 1328 3.
545 1266 581 1327 6:
615 1263 715 1345 „forte
745 1263 858 1328 eodem
890 1263 942 1327 die
965 1261 1186 1327 vehementior
1209 1265 1326 1324 ventus

206 1377 328 1434 motum
359 1391 400 1433 ex
432 1370 592 1455 profundo
623 1391 712 1436 mare
743 1371 846 1434 inlisit
872 1370 906 1433 in
938 1371 1056 1433 molem
1064 1367 1095 1453 ,²²
1126 1387 1232 1452 neque
1260 1367 1325 1429 iam

206 1477 369 1541 dubitabis
388 1478 467 1563 quin
486 1478 651 1563 scripserit
669 1484 798 1542 auctor:
817 1478 966 1563 Namque
986 1477 1140 1541 urbem..
1157 1524 1186 1540 ..
1205 1473 1326 1539 fretum

207 1583 324 1648 dividit
341 1583 453 1649 Africo
472 1585 614 1649 maxime
634 1585 811 1667 obiectum,
832 1584 902 1670 qui
924 1584 1050 1649 crebros
1070 1605 1111 1648 ex
1130 1583 1196 1647 alto
1211 1582 1326 1645 fluctus

207 1691 241 1754 in
265 1691 343 1754 litus
366 1691 494 1757 evolvit.

208 1904 266 1970 IV.
292 1907 322 1969 2.
346 1907 384 1968 9:
408 1926 514 1968 muros
538 1910 707 1991 turresque
729 1906 819 1970 urbis
834 1907 1028 1993 „praealtum
1047 1926 1135 1970 mare
1148 1904 1328 1968 ambiebat:

326 2011 329 2016 ’
409 2030 473 2074 non
496 2017 655 2076 tormenta
674 2012 738 2076 nisi
759 2033 777 2076 e
796 2013 932 2077 navibus
953 2013 1064 2098 procul
1085 2032 1220 2077 excussa
1231 2009 1328 2093 mitti,

408 2137 472 2182 non
495 2118 601 2182 scalae
624 2119 792 2184 moenibus
814 2120 971 2205 adplicari
994 2126 1150 2206 poterant.

254 2223 328 2287 Non
359 2229 408 2287 est
438 2225 693 2310 oppugnantium
719 2233 880 2316 tormenta
902 2228 1048 2310 mittere,
1073 2226 1129 2290 sed
1153 2224 1329 2288 immittere

210 2329 244 2392 in
262 2330 376 2394 urbem
395 2352 492 2415 quam
511 2331 754 2416 circumsedent,
775 2355 873 2420 quare
893 2355 949 2419 pro
968 2334 1073 2397 mitti
1093 2329 1329 2398 restituendum

211 2457 325 2500 censeo
348 2437 523 2503 inmitti.
544 2436 592 2502 ef.
613 2438 672 2505 IV.
693 2441 722 2504 3.
745 2442 783 2502 4:
805 2441 903 2504 armis
922 2441 1047 2504 omissis
1065 2440 1100 2504 in
1119 2460 1209 2504 mare
1228 2442 1331 2502 semet

210 2543 272 2629 ipsi
303 2544 521 2628 mitterent,
553 2551 587 2610 et
615 2545 675 2611 IX.
708 2549 738 2611 5.
771 2549 807 2610 2:
832 2568 972 2633 namque
994 2548 1029 2611 in
1053 2547 1166 2612 urbem
1189 2545 1330 2610 hostium

211 2652 341 2736 plenam
364 2651 534 2737 praecipiti
558 2653 640 2717 saltu
666 2654 837 2739 semetipse
862 2655 996 2719 inmisit.

213 2863 272 2931 IV.
297 2867 326 2930 3.
353 2867 411 2928 22:
437 2885 574 2950 cumque
604 2887 688 2930 unus
719 2888 736 2930 e
764 2867 888 2932 civibus
912 2869 946 2931 in
970 2869 1118 2933 contione
1141 2867 1332 2948 indicasset,

437 2972 578 3035 oblatam
608 2993 677 3036 esse
709 2993 767 3058 per
799 2995 947 3038 somnum
977 2975 1039 3038 sibi
1070 2975 1208 3059 speciem
1233 2971 1333 3058 Apol·

435 3079 528 3162 linis,
560 3099 656 3165 quem
689 3081 810 3144 eximie
840 3082 997 3164 religione
1028 3081 1187 3164 colerent,
1219 3080 1333 3145 urbem

436 3184 633 3251 deserentis.
649 3235 656 3250 .
671 3234 700 3252 ..
744 3209 940 3273 quamquam
983 3194 1093 3252 auctor
1131 3187 1213 3252 levis
1247 3192 1334 3269 erat,

437 3296 545 3354 tamen
575 3293 616 3356 ad
643 3293 803 3357 deteriora
825 3294 987 3359 credenda
1009 3295 1102 3380 proni
1125 3300 1213 3358 metu
1236 3314 1335 3358 aurea

439 3402 551 3462 catena
563 3397 739 3464 devinxere
751 3401 960 3465 simulacrum
973 3422 1113 3487 araeque
1125 3401 1301 3465 Herculis..
1310 3448 1333 3465 ..

438 3503 603 3569 inseruere
634 3506 817 3590 vinculum,
848 3508 941 3594 quasi
971 3508 1029 3572 illo
1059 3507 1119 3573 deo
1148 3507 1335 3592 Apollinem
1398 3547 1400 3561 .

438 3616 615 3676 retenturo.

263 3717 465 3803 Quemquam
504 3739 542 3782 ea
577 3740 661 3805 quae
696 3727 874 3806 sequuntur
909 3721 986 3785 satis
1020 3720 1211 3803 ostendunt,
1246 3719 1337 3784 cuius

218 3822 424 3888 simulacrum
455 3824 680 3909 devinxerint,
712 3827 800 3911 prius
831 3834 940 3892 tamen
972 3828 1169 3892 mentionem
1194 3826 1337 3912 aliquam

219 3936 344 4015 oportet
373 3931 451 3995 inici
483 3931 522 3996 de
554 3931 614 3996 deo
645 3932 833 4016 significato.
877 3935 984 4010 Quare
1015 3955 1072 4020 pro
1104 3933 1336 3999 devinxere

219 4036 391 4122 legendum
414 4044 493 4123 puto
517 4038 584 4104 dei
608 4039 796 4108 vinxere.
