3034 4834
722 221 803 334 ar*

179 465 401 553 accipiendam
432 487 500 532 esse
525 467 659 538 censuit.
694 466 804 531 Verba
827 486 916 530 cum
939 464 1132 530 ludibrio
1156 463 1299 529 credu-

179 574 326 637 litatis
355 575 555 659 repulsus
586 595 670 637 sum
701 595 812 638 eorum
843 573 999 637 iudicium
1029 594 1126 657 quam
1157 571 1298 635 maxime

180 680 321 745 firmant.

180 893 239 959 VI.
266 897 315 959 11.
342 898 401 959 35:
425 897 542 962 Omnia
565 893 779 980 adgnoscente
803 917 840 960 eo
861 895 1064 978 Demetrius,
1083 894 1139 978 qui
1158 893 1299 980 proximi

424 1003 554 1067 sceleris
584 1004 745 1089 particeps
773 1024 841 1066 esse
865 986 1077 1086 arguebatur,
1101 1000 1298 1086 producitur.

225 1109 416 1173 Proximi
448 1110 506 1173 hoc
533 1110 601 1173 loco
625 1110 722 1173 nihili
746 1116 812 1173 est:
836 1130 948 1173 verum
971 1108 1122 1192 quidem,
1145 1107 1299 1171 Philotan

180 1217 349 1281 tormentis
390 1217 568 1280 laceratum
606 1217 705 1281 aliam
738 1216 901 1301 quandam
935 1214 1191 1279 coniuratIonem
1226 1233 1300 1277 con·

179 1322 316 1406 fessum,
349 1323 393 1386 sic
413 1322 521 1387 ‚finem
545 1323 673 1388 dicendi
696 1324 810 1388 fecisse
833 1325 851 1407 ξ
875 1325 934 1386 30:
962 1328 1013 1404 ,et
1036 1323 1115 1385 haec
1137 1320 1300 1384 confessus
1327 1394 1329 1399 ¹

179 1429 333 1513 intellego
358 1451 421 1492 non
444 1429 593 1515 prodesse
613 1431 711 1514 mihi,
732 1431 817 1516 quod
838 1430 1016 1516 praesentis
1036 1428 1166 1493 sceleris
1185 1448 1300 1513 expers

181 1535 289 1619 sum'’,
320 1542 354 1599 at
385 1536 424 1600 de
457 1537 616 1601 Demetrii
647 1539 767 1602 scelere
798 1538 832 1600 in
865 1537 923 1603 VI.
958 1541 986 1602 7.
1014 1539 1053 1600 15
1079 1541 1111 1599 et
1135 1539 1164 1600 9.
1190 1538 1209 1599 5
1233 1541 1300 1598 tam

180 1643 305 1729 copiose
336 1644 442 1706 omnia
467 1645 613 1729 exposita
637 1652 726 1727 sunt,
751 1651 788 1708 ut
810 1645 850 1722 de
874 1631 1026 1727 crimino,
1051 1643 1142 1707 cuius
1165 1642 1226 1706 iste
1249 1641 1299 1705 vir

180 1757 344 1814 accusatus
376 1756 441 1833 est,
472 1752 564 1815 nulla
595 1752 664 1840 iam
691 1753 791 1838 possit
815 1773 883 1816 esse
907 1752 1075 1816 dubitatio.
1111 1750 1201 1825 Quae
1226 1770 1299 1813 cum

179 1857 224 1921 ita
257 1858 338 1940 sint,
370 1859 554 1941 proximi
581 1859 615 1921 in
641 1859 859 1944 proximus
882 1858 1143 1923 commutandum
1167 1875 1298 1919 censeo:

179 1963 325 2042 Philotas
343 1963 494 2048 princeps
514 1965 743 2029 coniurationis
763 1966 959 2047 habebatur,
980 1965 1166 2030 Demetrius
1179 1963 1300 2028 Dimno

179 2077 304 2133 mortuo
335 2070 501 2155 proximus
531 2078 600 2135 erat
631 2073 761 2137 sceleris
784 2074 962 2162 particeps.
998 2071 1046 2136 cf.
1078 2071 1136 2135 VI.
1163 2073 1213 2134 11.
1239 2073 1299 2135 28:

180 2175 314 2259 adiecit,
346 2197 396 2260 se,
428 2176 495 2240 sive
526 2177 718 2243 auderemus
749 2179 846 2243 duces
863 2200 955 2262 esse,
979 2179 1143 2264 proximas
1166 2199 1185 2241 a
1208 2178 1300 2241 nobis

180 2288 287 2367 partes
310 2283 566 2368 vindicaturum,
591 2285 658 2349 sive
681 2307 708 2350 e.
722 2310 750 2370 q,
767 2308 790 2350 s.

180 2495 256 2560 VII.
282 2499 311 2562 5.
339 2499 397 2561 10:
425 2497 507 2562 Oum
538 2519 579 2563 ex
609 2499 676 2581 his,
700 2500 755 2584 qui
780 2505 1019 2584 praecesserant
1042 2498 1082 2562 ad
1105 2497 1299 2582 capiendum

424 2606 530 2670 locum
565 2604 693 2689 castriS,
728 2607 791 2670 dno
825 2614 998 2671 occurrunt
1028 2605 1153 2670 utribus
1184 2625 1301 2687 aquam

423 2719 602 2797 gestantes,
628 2721 664 2776 nt
687 2714 764 2777 filiis
786 2715 863 2796 suis,
886 2734 966 2798 quos
986 2715 1019 2777 in
1040 2712 1152 2777 eodem
1173 2711 1301 2794 agmine

425 2841 494 2884 esse
536 2826 569 2884 et
610 2841 706 2904 aegre
748 2821 816 2907 pati
860 2822 947 2884 sitim
990 2841 1054 2883 non
1089 2818 1300 2902 ignorabant,

426 2933 637 2992 occurrerent.

224 3031 336 3116 Ipsum
373 3033 506 3097 verbum
544 3040 778 3098 occurrunt
812 3055 853 3098 sc.
897 3033 1086 3098 Alexandro
1122 3037 1300 3095 monstrare
1362 3102 1365 3108 ¹

180 3137 309 3202 videtur
344 3161 401 3223 pro
435 3146 714 3205 occurrerent
746 3141 952 3206 scribendum
984 3161 1054 3205 esse
1087 3159 1301 3203 succurre·

181 3251 285 3308 rent.
321 3245 450 3328 Aquam
482 3248 654 3331 portabant
677 3269 742 3311 uon
766 3255 803 3312 ut
826 3244 957 3313 obviam
978 3249 1065 3312 irent
1087 3246 1163 3309 filiis
1187 3244 1242 3308 sed
1265 3251 1301 3306 ut

179 3351 220 3414 iis
251 3351 434 3414 sitientibus
465 3360 571 3416 essent
611 3355 743 3418 auxilio.
778 3355 873 3419 Hanc
905 3353 1163 3419 emendationem
1190 3372 1301 3436 quam·

179 3479 275 3541 quam
306 3457 371 3521 iam
402 3458 580 3522 Kinchium
613 3462 816 3546 proposuisse
847 3467 960 3547 postea
991 3460 1075 3542 vidi,
1099 3459 1300 3544 supprimere

180 3565 269 3628 nolui
300 3564 375 3648 quia
406 3565 458 3628 vel
490 3586 576 3628 nunc
606 3567 640 3629 in
663 3567 861 3633 editionibus
885 3570 1033 3653 ineptum
1056 3565 1137 3629 illud
1162 3585 1302 3629 occur·

181 3679 328 3736 rerent
350 3677 514 3736 servatum
538 3677 595 3736 est.

181 3883 257 3949 VII.
283 3887 312 3949 6.
337 3888 374 3949 5:
401 3885 516 3970 Itaque
551 3892 678 3971 postero
713 3888 765 3952 die
801 3874 917 3952 misere
951 3889 1074 3971 legatos
1108 3885 1149 3949 ad
1180 3904 1299 3968 regem.

402 3992 488 4067 Quos
508 3994 564 4057 ille
584 3993 730 4078 protinus
750 3995 844 4059 iussit
863 3996 992 4060 admitti
1005 3993 1181 4076 solutisque
1193 3992 1301 4055 fasciis

401 4100 657 4186 magnitudinem
676 4103 818 4171 vulneris
838 4103 1045 4170 dissimulans
1066 4121 1137 4168 crus
1156 4098 1303 4167 barbaris
