3034 4834
769 312 788 373 5

213 507 247 571 in
271 509 377 571 lucem
398 506 525 592 profert·
540 506 655 588 talem,
675 511 711 568 ut
729 505 792 569 loci
812 504 952 589 corrupti
972 525 989 567 e
1009 504 1151 567 virorum
1171 503 1335 567 doctorum

214 614 405 678 coniecturis
436 612 600 677 emendati
631 612 812 697 prodeant?
842 610 904 675 Ille
928 611 1014 675 enim
1039 612 1066 674 is
1091 618 1139 675 est
1161 611 1217 696 qui
1239 611 1335 693 longa

214 721 394 807 intimaque
429 741 526 806 quam
559 741 631 783 cum
662 726 793 783 auctore
824 719 985 783 contraxit
1014 717 1262 800 consuetudine,
1294 738 1335 781 ex

76 914 80 921 Ι
129 881 132 885 .
216 827 364 892 omnibus
394 827 514 912 optime
546 827 628 891 scire
660 827 760 912 possit
783 826 861 911 quid
884 826 1023 890 scribere
1047 825 1187 910 potuerit
1207 830 1337 906 auctor,

216 933 293 1020 quid
328 954 401 999 non.
446 934 492 998 Ut
526 955 612 998 nunc
647 954 716 998 sese
746 955 798 997 res
829 933 942 1015 habet,
973 933 1058 996 haud
1088 953 1160 996 raro
1190 931 1335 995 accidere

216 1039 361 1106 videmus
392 1046 428 1104 ut
459 1041 493 1104 in
524 1062 608 1104 nova
639 1041 777 1104 auctoris
808 1040 944 1104 alicuius
975 1038 1116 1103 editione
1140 1036 1336 1102 recensenda

216 1167 327 1212 censor
350 1168 383 1211 se
406 1168 536 1232 sperare
560 1147 646 1210 dicat
668 1146 736 1210 fore
759 1152 797 1209 ut
818 1147 901 1210 hanc
924 1166 1040 1210 novam
1063 1145 1238 1210 editionem
1262 1165 1337 1208 mox

216 1275 298 1320 nova
321 1254 466 1318 eiusdem
489 1254 629 1317 auctoris
652 1253 750 1317 editio
775 1274 877 1339 eaque
902 1252 1072 1317 emendata
1096 1258 1258 1337 sequatur.

260 1359 390 1442 Curtio,
421 1366 457 1423 ut
483 1360 552 1452 iam
583 1355 671 1442 dixi,
697 1360 835 1424 feliciter
858 1360 920 1424 viri
945 1359 1175 1444 sapientissimi
1198 1359 1337 1422 editores

215 1466 355 1532 fuerunt.
399 1466 433 1530 si
465 1467 537 1551 quis
569 1466 750 1531 Alexandri
775 1466 887 1550 Magni
909 1466 1088 1549 Historias,
1112 1487 1191 1551 quas
1214 1465 1336 1529 Thecd.

217 1573 321 1658 Vogel
344 1595 373 1640 v.
398 1573 427 1636 d.
449 1595 533 1637 anno
556 1576 639 1638 1889
661 1574 745 1659 apud
767 1573 973 1637 Teubnerum
994 1572 1113 1655 edidit,
1134 1594 1206 1637 cum
1226 1593 1337 1636 earum

217 1679 368 1766 editione,
389 1701 485 1765 quam
506 1680 550 1743 H.
571 1680 608 1744 E.
626 1680 705 1743 chs
725 1703 754 1744 v.
777 1679 806 1744 d.
820 1701 905 1744 anno
920 1682 1004 1744 1875
1018 1680 1152 1762 curavit,
1165 1680 1337 1764 diligenter

217 1787 467 1873 comparaverit,
491 1807 567 1850 mcx
591 1787 764 1872 perspiciet
786 1787 921 1851 maximi
941 1787 1095 1850 momenti
1114 1786 1213 1850 fuisse
1232 1786 1338 1850 studia

217 1894 344 1976 critica,
369 1915 451 1980 quae
475 1894 597 1957 auctori
621 1900 729 1957 nostro
750 1914 787 1958 eo
806 1894 960 1979 temporis
979 1893 1152 1956 intervallo
1172 1893 1234 1956 viri
1254 1893 1338 1956 docti

218 1999 457 2084 impenderunt.
493 1999 659 2064 Indefesso
693 2001 804 2065 labore
839 2001 942 2064 critici
978 2000 1149 2086 permulti,
1183 1999 1339 2064 Germani

218 2105 408 2192 praecipue,
451 2105 484 2169 id
524 2112 659 2190 egerunt
692 2115 728 2170 ut
763 2106 865 2170 Ourtii
900 2107 1078 2190 Historias,
1113 2114 1188 2171 ante
1222 2107 1339 2171 misere

219 2219 400 2299 corruptas,
432 2213 645 2277 emendarent
674 2214 951 2300 explicarentque.
994 2215 1131 2278 Manent
1155 2209 1270 2278 tamen
1287 2215 1339 2278 vel

220 2341 305 2383 nunc
329 2320 422 2383 multi
446 2321 508 2384 loci
532 2321 689 2406 corrupti,
714 2327 747 2384 et
770 2342 842 2384 cum
865 2321 969 2385 omnis
992 2321 1097 2385 Curtii
1120 2321 1339 2384 Historiarum

220 2426 420 2510 emendatio,
441 2434 478 2491 ut
496 2427 599 2511 Vogel
620 2428 762 2511 monuit,
782 2429 843 2492 niti
864 2429 980 2492 debeat
991 2428 1183 2492 lectionibus
1196 2429 1340 2514 quinque

218 2533 390 2617 librorum,
421 2534 476 2620 qui
508 2556 581 2598 cum
612 2535 872 2620 interpolationis
902 2536 976 2603 labe
998 2557 1063 2599 non
1087 2535 1250 2621 inquinati
1274 2535 1340 2598 sint

220 2641 374 2726 pleraque
394 2646 503 2706 tamen
522 2642 671 2725 graviora
692 2642 810 2706 menda
829 2663 932 2728 aeque
951 2664 988 2706 ac
1008 2643 1140 2707 lacunas
1159 2642 1340 2707 communia

219 2747 376 2830 habeant,
397 2769 462 2811 non
482 2741 593 2813 vereor
613 2770 654 2813 ne
670 2749 768 2813 nimis
781 2750 888 2814 audax
900 2750 1013 2814 videar
1025 2751 1051 2813 si
1064 2771 1135 2814 mea
1147 2749 1342 2814 emendandi

221 2855 390 2918 conamina
413 2855 490 2918 viris
515 2853 616 2920 doctis
640 2877 792 2942 propono.

264 2960 472 3026 Coniecturas
506 2983 593 3026 meas
628 2963 662 3025 in
696 2964 759 3027 tria
794 2984 914 3047 genera
948 2963 1060 3046 divisi,
1095 2964 1141 3027 ita
1171 2970 1208 3027 ut
1237 2965 1341 3049 prima

220 3052 311 3151 parto
342 3067 381 3132 de
411 3069 451 3132 iis
481 3070 560 3134 locis
583 3069 766 3155 disputetur
789 3091 868 3154 quos
891 3070 1016 3133 lacunis
1037 3071 1184 3134 laborare
1209 3092 1341 3154 censeo,

222 3172 361 3238 secunda
393 3175 578 3242 indicentur
608 3197 711 3261 pauca
742 3197 825 3261 quae
856 3177 979 3240 auctori
1009 3176 1089 3240 falso
1120 3179 1250 3242 obtrusa
1273 3199 1341 3242 esse

222 3279 377 3362 arbitror,
400 3279 515 3346 'tertia
558 3304 631 3367 pars
675 3304 729 3347 eas
771 3283 983 3348 correctiones
1025 3285 1188 3348 contineat
1225 3285 1342 3370 quibus

222 3387 335 3469 verba,
367 3387 434 3450 sive
466 3409 565 3452 unum
590 3411 647 3454 seu
671 3391 783 3475 plura,
808 3397 1054 3455 commutentur.
1080 3392 1138 3456 Est
1159 3392 1216 3456 ubi
1240 3392 1341 3475 locos,

222 3513 301 3577 quos
336 3515 354 3558 a
388 3494 467 3558 viris
503 3495 604 3559 doctis
639 3497 800 3562 immerito
836 3503 999 3584 suspectos
1033 3498 1131 3581 duco,
1167 3505 1223 3561 aut
1257 3499 1342 3563 locos

222 3599 343 3664 similes
355 3600 519 3665 afferendo
531 3601 702 3667 defendam
715 3611 812 3690 atque
825 3604 997 3688 stabiliam,
1010 3611 1066 3668 aut
1077 3605 1343 3690 interpretatione

222 3706 361 3792 quadam
396 3729 416 3772 a
450 3709 575 3792 vulgari
610 3709 736 3775 diversa
771 3732 865 3775 sanos
900 3732 968 3776 esse
1004 3712 1236 3775 demonstrem:
1268 3718 1343 3776 sunt

221 3813 283 3876 loci
302 3813 357 3877 isti
376 3835 453 3878 sane
473 3816 676 3900 paucissimi,
697 3824 729 3881 et
748 3819 887 3882 multum
903 3839 1015 3882 vereor
1027 3825 1063 3881 ut
1075 3819 1183 3902 magni
1194 3818 1343 3904 facienda

224 3920 289 3982 sint
307 3927 497 4004 argumenta
517 3943 587 3986 mea
608 3924 724 4009 quibus
740 3925 825 3988 viros
837 3946 889 3989 me
901 3927 1003 3989 multo
1016 3925 1170 3990 doctiores
1182 3926 1342 4011 simulque

223 4025 371 4092 Curtiani
390 4029 547 4093 sermonis
566 4030 778 4115 peritissimos
797 4032 849 4096 hie
868 4033 936 4096 illio
955 4032 1097 4097 refutare
1117 4055 1187 4096 sum
1200 4039 1342 4116 conatus,

225 4133 279 4198 sed
304 4154 345 4198 ne
370 4133 415 4198 sic
438 4135 569 4220 quidem
591 4157 629 4201 ea
651 4159 702 4203 me
726 4138 875 4204 omittere
899 4148 1045 4225 oportere
1069 4139 1263 4204 existimavi.
