3034 4834
722 293 765 356 29

182 488 267 572 quod
288 509 351 553 non
368 489 474 552 solum
493 509 567 552 rex
585 492 657 574 post
675 508 813 573 regem
833 489 867 551 in
883 504 978 552 versu
989 487 1154 574 superiore
1167 487 1301 551 moleste

182 595 346 660 abundare
376 595 504 660 videtur
534 594 589 659 sed
620 600 653 658 et
683 595 782 660 verbo
812 594 1011 680 reprimendi
1042 595 1102 658 hoo
1128 595 1198 659 loeo
1222 615 1301 679 opus

184 711 249 768 est:
290 703 478 767 Alexander
521 703 608 766 enim
650 703 732 766 iram
775 725 883 785 suam,
918 723 1001 787 quae
1036 702 1099 766 iam
1134 722 1301 788 erumpere

184 810 306 896 eoepit,
329 791 458 877 rursum
480 810 605 896 pressit.
646 799 649 818 '⁴
968 817 970 819 ’

188 1022 281 1088 VIII.
309 1027 337 1089 2.
364 985 518 1088 33¹:vRex
533 1075 537 1087 .
553 1073 560 1088 .
575 1072 604 1087 ..
646 1023 820 1108 imperium
860 1022 1036 1087 Sisimithri
1070 1022 1212 1087 restituit
1245 1044 1302 1108 spe

439 1130 569 1194 maioris
600 1131 699 1193 etiam
730 1130 914 1214 provinciae
943 1129 1046 1212 faeta,
1078 1129 1105 1191 si
1135 1149 1208 1193 oum
1238 1129 1302 1194 fide

440 1236 616 1300 amicitiam
647 1235 748 1320 ipsius
779 1235 937 1302 ooluisset.
978 1235 1067 1299 Duos
1096 1235 1146 1298 illi
1168 1236 1302 1300 iuvenes
1394 1267 1396 1271 ·

440 1350 531 1428 patre
562 1342 708 1406 tradente
735 1363 849 1406 seeum·
867 1333 1062 1405 militaturos
1084 1342 1175 1427 sequi
1198 1343 1301 1408 iussit.

229 1450 294 1514 Pro
324 1449 407 1518 illi¹
427 1432 662 1513 restituendum
693 1469 763 1513 esse
793 1449 868 1512 ille
899 1448 1040 1512 ostendit
1070 1448 1184 1512 similis
1214 1450 1303 1514 loeus

184 1557 279 1622 VIII.
317 1558 346 1621 4.
380 1557 439 1619 21:
470 1555 552 1620 Inde
582 1555 731 1641 pervenit
760 1555 798 1647 in
826 1555 1010 1637 regionem,
1042 1555 1094 1618 oui
1125 1555 1303 1641 Oxyartes,

185 1670 330 1750 satrapes
359 1663 494 1745 nobilis,
525 1668 688 1749 praeerat,
721 1662 777 1747 qui
809 1682 843 1726 se
875 1662 960 1745 regis
990 1662 1140 1746 potestati
1164 1661 1303 1747 fideique

186 1771 341 1855 permisit.
384 1768 446 1833 Ille
478 1768 617 1860 imperio¹
643 1768 672 1832 ei
703 1767 828 1832 reddito
858 1767 945 1831 haud
968 1768 1124 1852 amplius,
1148 1789 1244 1850 quam
1269 1775 1304 1832 ut

186 1876 249 1942 duo
272 1897 314 1941 ex
338 1876 442 1940 tribus
464 1874 541 1938 filiis
565 1875 892 1958 seeummilitarent,
916 1875 1034 1957 exegit.

186 2089 247 2156 IX.
275 2093 303 2156 1.
331 2092 389 2154 17:
410 2089 453 2152 Ilt
482 2089 630 2172 vinoula,
661 2089 732 2174 quis
764 2094 910 2155 oonserta
939 2094 1048 2171 erant,
1072 2089 1166 2153 iussit
1187 2090 1305 2175 incidi,

408 2217 471 2283 quo
494 2196 622 2260 faoilius
644 2196 772 2280 singula
795 2196 1112 2262 circumvenirentur.

232 2304 311 2379 Quis
346 2304 464 2370 iussit?
498 2304 624 2389 Nempe
658 2303 855 2368 Alexander.
897 2304 943 2367 At
976 2324 1014 2367 ea
1044 2323 1127 2388 quae
1156 2305 1304 2389 proxime

186 2411 397 2492 antecedunt,
433 2411 511 2474 haee
547 2415 623 2473 sunt
656 2410 674 2492 ξ
706 2412 764 2473 16:
794 2410 844 2473 Ao
874 2409 978 2495 primo
1007 2410 1172 2480 insolitum
1203 2432 1305 2495 genus

187 2538 313 2603 pugnae
332 2517 526 2581 Macedonas
546 2516 672 2599 terruit,
686 2538 758 2580 eum
771 2517 897 2580 eminus
909 2517 1164 2583 vulnerarentur.
1178 2518 1305 2584 Deinde

113 2700 116 2708 1
187 2630 292 2710 spreto
328 2630 394 2689 tam
428 2624 592 2688 incondito
623 2623 747 2687 auxilio
777 2623 816 2687 ab
847 2629 984 2709 utroque
1014 2625 1116 2689 latere
1147 2626 1306 2690 vehioulis

153 2722 156 2728 ’
186 2730 370 2795 oireumfusi
395 2738 611 2817 repugnantes
635 2731 743 2796 fodere
767 2736 951 2816 ooeperunt.
986 2731 1028 2794 Ilt
1051 2732 1219 2796 vinoulae.
1234 2755 1265 2819 q.
1280 2755 1304 2798 s.

233 2838 282 2903 De
314 2837 501 2902 Alexandro
528 2837 628 2920 igitur
651 2838 735 2902 faeta
759 2843 808 2901 est
841 2838 932 2902 nulla
954 2839 1093 2922 mentio,
1116 2859 1214 2925 quare
1238 2861 1306 2905 eor-

188 2945 290 3028 rigas:
315 2944 392 3010 Rnx
415 2945 600 3010 vinoula.

151 3221 153 3227 ,
188 3157 248 3221 ΙΧ.
273 3160 302 3222 2.
330 3159 387 3221 13;
412 3157 464 3223 Sic
487 3156 620 3222 Oilioiae
651 3157 778 3242 fauoes,
811 3158 855 3223 sio
886 3158 1136 3245 Mesopotamiae
1160 3180 1306 3246 oampos,

411 3264 534 3348 Tigrim
573 3270 607 3329 et
640 3264 846 3349 Euphraten,
882 3264 1018 3350 quorum
1052 3267 1191 3330 alterum
1225 3267 1307 3331 vado

411 3371 636 3455 transivimus,
661 3373 800 3436 alterum
822 3378 936 3457 ponte,
961 3372 1139 3436 terribilem
1163 3373 1308 3438 fenerant

410 3477 539 3542 Persae.

232 3587 296 3653 Pro
320 3607 485 3671 oampos
509 3584 679 3650 emendare
702 3585 801 3649 velim
826 3607 983 3668 amnes,
1002 3585 1049 3656 ita
1069 3594 1105 3650 ut
1123 3588 1188 3651 sint
1207 3588 1307 3653 verba

188 3693 518 3780 Mesopotamiae
553 3713 692 3756 amnes
722 3693 880 3777 appositio
911 3694 1113 3777 sequentium
1145 3695 1306 3779 Tigrim

190 3807 229 3866 et
260 3801 516 3886 Euphraten.
553 3799 638 3863 Nam
669 3799 766 3873 etiam
794 3799 821 3862 si
845 3800 964 3864 tradita
986 3801 1082 3865 lectio
1106 3822 1183 3864 sana
1205 3809 1307 3887 esset,

189 3913 221 3972 et
247 3907 496 3994 Mesopotamiae
519 3905 623 3991 oampi
647 3905 809 3970 terribiles
832 3927 901 3970 esse
925 3907 1120 3992 potuissent,
1143 3907 1184 3974 ad
1208 3911 1306 3974 verba

189 4013 348 4097 Tigrim
379 4020 419 4078 et
445 4013 692 4100 Iluphraten
717 4033 845 4098 quoque
869 4013 999 4078 tertium
1023 4014 1217 4079 sioabesse
1242 4036 1306 4079 non
1401 4006 1403 4010 ⁸
1456 4084 1460 4092 ,

188 4121 312 4187 lioeret.
