3034 4834
716 250 821 356 21¹

182 511 384 555 armorumve
411 489 539 556 habitus
562 488 607 555 sic
630 511 684 554 cos
707 489 792 554 texit
814 509 912 576 quam
935 490 1019 576 quod
1043 487 1238 554 abhorrebat
1258 485 1299 553 ab

183 596 246 662 fide
280 618 475 683 quemquam
507 606 676 662 externum
708 596 864 661 Ciminios
895 597 995 661 saltus
1025 597 1237 678 intraturum,
1269 601 1301 659 et

183 703 274 788 Virg.
299 704 381 768 Aen.
407 703 500 768 VIII.
529 706 608 768 722:
629 704 783 768 incedunt
801 705 905 769 victae
925 705 1020 787 longo
1039 704 1152 768 ordine
1169 708 1300 786 gentes,

184 831 280 896 quam
305 811 413 874 variae
436 811 573 896 linguis,
597 811 709 874 habitu
734 815 800 874 tam
820 812 919 874 vestis
942 817 974 874 et
996 811 1104 874 armis.

228 917 430 983 Vocabulum
472 917 647 982 habitus
689 916 800 982 Ourtio
834 917 869 981 in
904 918 1029 982 deliciis
1064 918 1163 981 fuisse
1197 916 1300 1000 Vogel

184 1046 215 1110 p.
236 1026 277 1088 54
302 1025 494 1090 observavit.

229 1130 287 1195 Est
321 1139 431 1196 tamen
464 1132 500 1194 in
533 1131 602 1195 loco
636 1130 733 1195 citato
767 1131 833 1196 alia
866 1116 1040 1195 difficultas
1073 1151 1178 1216 neque
1208 1129 1302 1193 facile

153 1223 155 1228 ’
184 1238 345 1303 solvenda.
389 1238 619 1323 Tetrisque
661 1239 748 1301 enim
790 1238 893 1322 Vogel
937 1238 1043 1323 posuit
1077 1259 1135 1322 pro
1169 1241 1302 1300 aeter·

184 1345 352 1431 nisque,
383 1345 468 1430 quod
500 1345 624 1409 codices
655 1364 728 1409 mss.
759 1345 880 1408 habent
902 1351 935 1409 et
957 1345 1019 1408 viri
1044 1345 1129 1409 docti
1152 1342 1302 1409 nonnulli

185 1452 326 1516 retinere
349 1452 484 1537 cupiunt
502 1451 638 1534 (Heller,
659 1451 746 1518 Phil.
766 1451 849 1516 Anz.
873 1454 968 1533 1883,
989 1456 1021 1516 et
1040 1451 1266 1532 Henrichsen),
1279 1450 1302 1528 1)

185 1559 326 1622 Eussner
356 1565 389 1622 et
419 1557 623 1623 Cornelissen
655 1563 919 1644 veternoque
942 1565 1175 1644 proposuerunt
1197 1556 1303 1620 deleto

186 1665 400 1748 sordibus,
445 1664 557 1729 Anton
601 1664 769 1748 (Zeitschr.
813 1665 834 1729 f.
878 1665 907 1729 d.
948 1665 1185 1751 (Elymnasialw.⁴
1219 1665 1303 1727 1873

185 1792 216 1857 p.
244 1774 318 1850 188)
342 1773 523 1863 tabeque
554 1763 811 1856 squalidum,
836 1773 1019 1837 Palmerius
1042 1779 1304 1854 veternoque

186 1885 226 1943 et
249 1879 454 1943 sordibus.
489 1879 590 1944 Recte
613 1880 745 1966 quidem
769 1880 873 1963 Vogel
897 1880 1063 1944 adnotavit
1085 1879 1155 1960 ,die
1175 1878 1304 1942 Farben

186 1985 259 2049 sind
290 1985 367 2049 hier
392 1991 490 2049 etwas
521 1985 608 2050 stark
640 1986 872 2071 ausgetragen'’
903 1987 958 2051 sed
990 1987 1099 2051 videat
1121 1986 1171 2050 vir
1194 1985 1305 2048 doctus

188 2112 266 2155 num
289 2092 377 2155 locus
396 2091 510 2155 melior
528 2092 599 2157 fieri
619 2093 777 2176 videatur,
798 2095 825 2156 si
845 2094 996 2158 scribitur
1020 2092 1305 2178 terrenisque.

187 2197 451 2284 Abdalonymus,
493 2220 589 2285 quem
633 2200 716 2273 forte
750 2200 878 2265 steriles
912 2201 1028 2265 herbas
1063 2200 1237 2284 eligentem
1272 2198 1305 2262 in

187 2305 278 2369 horto
308 2305 534 2391 inveniebant,
566 2306 687 2392 optime
718 2307 781 2372 dici
811 2312 917 2394 potest
947 2308 1129 2372 terrenis
1159 2306 1306 2370 sordibus

188 2410 363 2498 squalidus.

187 2589 246 2655 IV.
273 2593 300 2655 l.
326 2593 386 2656 36:
409 2591 531 2656 Eodem
561 2598 707 2678 tempore
734 2592 845 2656 classis
867 2593 1080 2658 Macedonum
1104 2614 1146 2657 ex
1170 2591 1307 2656 Graecia

411 2699 514 2763 accita
544 2699 791 2782 Aristomenen,
822 2701 879 2786 qui
909 2701 950 2765 ad
982 2699 1187 2786 Hellesponti
1217 2719 1306 2762 oram

411 2806 655 2892 reciperandam
687 2829 706 2870 a
735 2806 841 2872 Dareo
865 2814 933 2871 erat
955 2806 1088 2890 missus,
1112 2805 1307 2891 captiosius

411 2920 467 2977 aut
490 2914 610 2978 eversis
633 2915 770 2979 navibus
793 2919 932 2999 superat.

234 3020 337 3105 Vogel
369 3021 409 3085 ad
440 3021 603 3086 eversis
627 3021 796 3107 adscripsit
822 3021 882 3102 ,So
906 3023 1004 3086 sehon
1027 3022 1079 3086 bei
1104 3020 1170 3086 Oic.
1195 3020 1308 3084 navi·

190 3127 323 3208 culam
347 3128 389 3190 in
413 3134 536 3212 portu
559 3128 1018 3193 everterezumwerfen.''
1041 3127 1140 3213 Apud
1159 3122 1307 3192 Fossium

190 3253 246 3319 pro
289 3235 455 3298 eversis
497 3235 652 3320 scriptum
691 3242 739 3300 est
773 3236 941 3319 mersis,
976 3240 1080 3318 recte,
1115 3241 1153 3298 ut
1186 3236 1307 3320 opinor.

190 3340 295 3405 Locus
325 3340 386 3405 iste
410 3340 637 3407 Ciceronianus
659 3363 679 3406 a
702 3348 810 3407 nostro
833 3363 963 3428 prorsus
986 3343 1110 3406 alienus
1133 3347 1198 3406 est:
1222 3340 1307 3427 quod

190 3449 313 3534 cymbis
335 3447 480 3534 parvulis
503 3469 735 3534 nonnunquam
753 3449 899 3513 accidere
917 3454 1022 3534 potest
1039 3456 1076 3512 ut
1094 3447 1256 3534 procellae
1275 3447 1308 3510 vi

190 3560 377 3621 evertantur
409 3555 661 3638 (animadvertas
691 3577 809 3642 quaeso
832 3555 1019 3620 Ciceronem
1044 3555 1084 3621 de
1106 3553 1309 3619 navicula

191 3663 329 3747 quadam
350 3663 490 3747 dicere),
510 3662 545 3725 in
566 3662 702 3726 navibus
720 3663 841 3746 longis,
863 3662 902 3726 de
921 3663 1039 3746 quibus
1058 3661 1142 3747 apud
1160 3660 1308 3725 Ourtium

192 3789 295 3833 sermo
325 3777 390 3852 est,
423 3769 508 3834 haud
531 3768 626 3833 facile
649 3791 709 3832 usu
733 3769 832 3833 venit.
868 3768 1003 3833 Accedit
1026 3768 1111 3854 quod
1133 3768 1167 3830 in
1191 3767 1250 3830 tali
1272 3787 1308 3831 re

192 3896 382 3959 mergere
405 3877 540 3942 verbum
564 3877 717 3940 usitatum
742 3881 799 3940 est.

227 4067 249 4126 1)
265 4062 299 4114 Β.
320 4063 347 4116 J.
369 4063 401 4117 F.
426 4064 599 4124 chrichsen‚
623 4063 740 4129 Opgaver
762 4061 792 4110 til
813 4062 988 4111 oversecttelse
1010 4059 1048 4110 fra
1062 4060 1126 4109 latin
1143 4075 1191 4125 pas
1207 4058 1307 4121 Densi,
1376 4039 1379 4044 Ι

192 4149 305 4204 semlede
319 4148 347 4202 el
361 4147 396 4200 H.
413 4148 504 4201 chto
521 4148 637 4220 Udgove,
656 4149 772 4217 besor-get
787 4147 815 4198 ai
829 4147 867 4196 M.
885 4146 924 4198 ol.
941 4145 1027 4200 Gom.
1045 4145 1221 4217 Kjobouhavn,
1236 4147 1309 4203 1884.
