3034 4834
791 232 830 299 16

252 431 536 498 subsederant
567 431 704 496 valles
735 432 950 516 suspicionem
974 433 1056 498 mihi
1079 435 1269 498 movebant:
1305 441 1371 498 tam

252 541 332 604 mihi
356 539 506 603 videntur
529 538 748 622 intolerabilia
772 538 811 602 ob
831 538 888 601 illa
907 560 990 621 quae
1010 548 1188 624 sequuntur
1218 549 1372 606 utcum-

252 668 349 730 que.
366 696 394 711 ..
427 645 572 709 undae.
607 644 755 708 Fortasse
780 645 851 727 quis
871 646 986 724 lector,
1010 648 1062 710 cui
1082 649 1139 713 Or.
1162 649 1238 714 Met.
1263 653 1290 714 1.
1312 650 1372 712 43:

256 754 368 836 ,iussit
402 760 435 817 et
469 751 600 817 extendi
634 771 779 835 campos,
814 751 978 816 subsidere
1013 753 1134 816 vallcs''
1165 756 1200 818 iu
1231 764 1372 821 mentem

254 860 418 943 venirent,
442 860 476 922 in
501 859 647 941 margine
671 858 875 948 adnotavisse
898 879 937 922 ea
959 859 1121 944 putandus
1143 867 1201 925 est.

681 1147 946 1154 -—-—————-——-

683 1491 685 1494 ,
779 1395 850 1475 ru.

255 1609 319 1674 ΙΙΙ.
345 1612 373 1674 1.
405 1609 460 1671 ts:
480 1606 570 1670 Inter
600 1606 680 1669 haec
704 1606 806 1670 maria
829 1605 1092 1689 angustissimum
1114 1606 1214 1672 Asiae
1236 1609 1377 1692 spatium

479 1734 547 1778 esse
579 1714 796 1797 conperimus,
827 1719 964 1796 utroque
994 1712 1029 1792 in
1061 1720 1148 1778 artas
1170 1714 1279 1792 fauces
1302 1735 1378 1778 con·

479 1820 621 1905 pellente
644 1825 774 1884 terram.
807 1819 896 1894 Quas
916 1820 992 1902 quia
1010 1821 1188 1884 continenti
1206 1821 1377 1904 adhaeret,

481 1926 535 1990 sed
569 1946 685 2009 magna
708 1947 749 1989 ex
772 1932 863 2010 parto
886 1926 1025 2010 cingitur
1047 1928 1214 2010 fluctibus,
1238 1928 1378 2012 speciem
1480 1984 1481 1999 ,

479 2033 603 2124 insulae
623 2033 756 2117 praebet
775 2054 822 2115 ac,
841 2032 905 2096 nisi
925 2040 1022 2098 tenue
1042 2034 1214 2098 discrimen
1227 2035 1378 2117 obiceret,
1480 2028 1481 2041 ³

480 2161 562 2224 quae
586 2161 672 2203 nunc
695 2140 813 2203 dividit
835 2140 955 2224 maria,
980 2143 1203 2206 committeret.

302 2248 349 2313 Ut
391 2249 456 2311 iam
496 2247 599 2330 Vogel
635 2247 833 2329 observavit,
868 2254 1013 2311 contorta
1048 2248 1150 2311 oratio
1180 2255 1237 2312 est.
1279 2248 1380 2312 Terra

257 2357 356 2438 euim,
375 2355 409 2418 iu
429 2361 514 2418 artas
532 2354 641 2417 fauces
661 2353 834 2438 compulsa,
856 2375 894 2418 eo
914 2360 1041 2418 tantum
1061 2356 1164 2418 maria
1179 2355 1380 2418 committere

258 2468 380 2548 potest,
411 2461 496 2545 quod
526 2482 591 2551 non
623 2467 671 2524 est
701 2461 752 2524 vel
785 2480 854 2524 esse
885 2461 990 2525 desiit.
1033 2460 1114 2524 Cum
1141 2468 1250 2526 autem
1272 2463 1381 2526 verbis

259 2575 384 2633 tenue
417 2567 650 2631 discrimen
681 2567 758 2654 ipsa
782 2574 867 2630 terra
898 2567 1111 2650 significetur,
1143 2569 1255 2632 eadem
1278 2569 1381 2635 oratio

239 2683 308 2741 ‘est
338 2697 374 2740 ac
407 2675 432 2738 si
464 2675 618 2758 scriptum
643 2681 741 2737 esset:
768 2680 853 2738 terra
877 2675 980 2738 maria
1003 2675 1235 2758 committeret,
1260 2675 1322 2739 nisi
1346 2695 1380 2738 se

259 2785 329 2869 ipsa
352 2764 493 2847 obiceret
517 2781 537 2844 i.
552 2801 579 2844 e.
601 2781 663 2843 uisi
683 2801 748 2843 uon
768 2781 991 2846 committeret.
1017 2782 1108 2857 Quod
1128 2782 1302 2846 absurdum
1322 2788 1380 2845 est.

308 2889 498 2974 Legeudum
523 2895 571 2952 est
594 2887 679 2951 uisi
704 2895 829 2951 tenue
852 2884 1084 2953 discrimen
1106 2890 1335 2953 obiecerat.

263 3104 327 3170 ΠΙ.
354 3106 384 3168 2.
411 3106 448 3167 9:
469 3103 553 3166 Nam
574 3102 764 3166 Bactrianos
784 3108 816 3164 et
835 3100 1014 3185 Sogdianos
1032 3109 1065 3166 et
1083 3101 1181 3165 Indos
1197 3108 1382 3186 ceterosque

460 3209 550 3273 rubri
582 3209 680 3272 maris
711 3209 852 3290 accolas,
884 3209 995 3292 ignota
1026 3209 1124 3273 etiam
1152 3210 1213 3295 ipsi
1236 3210 1381 3293 gentium

462 3315 610 3398 nomina,
634 3314 798 3379 festinatio
822 3315 1014 3400 prohibebat
1037 3317 1145 3381 acciri.
1180 3322 1183 3324 ’

306 3425 417 3490 Facile
453 3430 588 3509 apparet
620 3423 726 3487 verbis
761 3423 995 3505 ignota...
1031 3412 1199 3487 nomina
1234 3421 1380 3485 Curtium

264 3532 443 3617 significare
468 3530 607 3594 voluisse
630 3535 782 3613 gentes
804 3550 853 3594 ue
875 3531 1041 3594 nomine
1064 3530 1230 3614 quidem
1253 3534 1381 3592 notas.

264 3640 314 3705 De
333 3636 636 3723 pronominisipsi
657 3636 816 3721 scriptura
835 3637 920 3700 iuter
937 3638 1023 3701 viros
1043 3637 1151 3700 doctos
1170 3655 1234 3698 nou
1250 3642 1340 3699 const
1360 3642 1382 3700 t.

264 3747 308 3811 Μ.
331 3745 477 3810 Schmidt
501 3743 696 3827 (Jahresber.
722 3746 806 3808 1882
827 3765 856 3828 p.
878 3745 956 3828 250)
977 3749 1048 3828 post
1071 3743 1154 3827 ipsi
1176 3742 1383 3808 inserendum

266 3873 334 3917 esse
377 3851 502 3916 censuit
543 3850 649 3934 regi,
692 3849 732 3915 A.
776 3850 917 3914 Eussner
955 3849 1087 3932 (Philol.
1123 3848 1268 3914 XXXII.
1306 3850 1382 3932 546)

266 3960 411 4025 Persis
436 3959 589 4040 coniecit,
614 3957 670 4020 alii
694 3957 803 4042 ipsi-s
826 3958 890 4041 legi
912 3957 1035 4021 iubent.
1296 4040 1299 4045 ,

311 4067 379 4152 Ego
403 4067 438 4130 iu
460 4067 542 4129 hanc
566 4064 778 4151 suspicionem
799 4064 898 4127 incidi
917 4085 995 4127 num
1014 4064 1097 4130 forte
1116 4072 1226 4130 auctor
1246 4065 1382 4130 scribere
