<?xml version="1.0" encoding="UTF-8"?>
<!DOCTYPE html PUBLIC "-//W3C//DTD XHTML 1.0 Transitional//EN"
    "http://www.w3.org/TR/xhtml1/DTD/xhtml1-transitional.dtd">
<html xmlns="http://www.w3.org/1999/xhtml" xml:lang="en" lang="en">
 <head>
  <title>
</title>
<meta http-equiv="Content-Type" content="text/html;charset=utf-8" />
  <meta name='ocr-system' content='tesseract 3.04.00' />
  <meta name='ocr-capabilities' content='ocr_page ocr_carea ocr_par ocr_line ocrx_word'/>
</head>
<body>
  <div class='ocr_page' id='page_1' title='image "./lectionescurtia00damsgoog_0015.png"; bbox 0 0 3034 4834; ppageno 0'>
   <div class='ocr_carea' id='block_1_1' title="bbox 733 320 770 381">
    <p class='ocr_par' dir='ltr' id='par_1_1' title="bbox 733 320 770 381">
     <span class='ocr_line' id='line_1_1' title="bbox 733 320 770 381; baseline -0.027 0"><span class='ocrx_word' id='word_1_1' title='bbox 733 320 770 381; x_wconf 88' lang='lat' dir='ltr'>ll</span> 
     </span>
    </p>
   </div>
   <div class='ocr_carea' id='block_1_2' title="bbox 118 490 1310 921">
    <p class='ocr_par' dir='ltr' id='par_1_2' title="bbox 118 490 1310 921">
     <span class='ocr_line' id='line_1_2' title="bbox 191 490 1309 598; baseline -0.005 -20"><span class='ocrx_word' id='word_1_2' title='bbox 191 535 337 597; x_wconf 91' lang='lat' dir='ltr'>amnem,</span> <span class='ocrx_word' id='word_1_3' title='bbox 360 515 376 578; x_wconf 91' lang='lat' dir='ltr'><strong>f</strong></span> <span class='ocrx_word' id='word_1_4' title='bbox 381 515 491 579; x_wconf 89' lang='lat' dir='ltr'>inem</span> <span class='ocrx_word' id='word_1_5' title='bbox 514 514 724 598; x_wconf 70' lang='lat' dir='ltr'>regioniS,</span> <span class='ocrx_word' id='word_1_6' title='bbox 748 490 872 578; x_wconf 89' lang='lat' dir='ltr'>iniussu</span> <span class='ocrx_word' id='word_1_7' title='bbox 894 511 979 596; x_wconf 88' lang='lat' dir='ltr'>regis</span> <span class='ocrx_word' id='word_1_8' title='bbox 1003 511 1187 576; x_wconf 77' lang='lat' dir='ltr'><strong>transirent.</strong></span> <span class='ocrx_word' id='word_1_9' title='bbox 1217 509 1309 574; x_wconf 87' lang='lat' dir='ltr'>Post·</span> 
     </span>
     <span class='ocr_line' id='line_1_3' title="bbox 191 617 1310 707; baseline -0.004 -22"><span class='ocrx_word' id='word_1_10' title='bbox 191 643 287 707; x_wconf 90' lang='lat' dir='ltr'>quam</span> <span class='ocrx_word' id='word_1_11' title='bbox 311 621 441 686; x_wconf 89' lang='lat' dir='ltr'>finam</span> <span class='ocrx_word' id='word_1_12' title='bbox 465 621 587 686; x_wconf 85' lang='lat' dir='ltr'>excidit</span> <span class='ocrx_word' id='word_1_13' title='bbox 609 627 739 706; x_wconf 91' lang='lat' dir='ltr'>propter</span> <span class='ocrx_word' id='word_1_14' title='bbox 758 621 940 685; x_wconf 88' lang='lat' dir='ltr'>litterarum</span> <span class='ocrx_word' id='word_1_15' title='bbox 960 617 1207 682; x_wconf 88' lang='lat' dir='ltr'>similitudinem</span> <span class='ocrx_word' id='word_1_16' title='bbox 1227 637 1310 702; x_wconf 91' lang='lat' dir='ltr'>quae</span> 
     </span>
     <span class='ocr_line' id='line_1_4' title="bbox 191 727 1310 814; baseline -0.004 -22"><span class='ocrx_word' id='word_1_17' title='bbox 191 729 360 814; x_wconf 87' lang='lat' dir='ltr'>utriusque</span> <span class='ocrx_word' id='word_1_18' title='bbox 397 729 545 793; x_wconf 82' lang='lat' dir='ltr'>vocabuli</span> <span class='ocrx_word' id='word_1_19' title='bbox 579 749 737 792; x_wconf 90' lang='lat' dir='ltr'>amnem</span> <span class='ocrx_word' id='word_1_20' title='bbox 772 735 805 792; x_wconf 89' lang='lat' dir='ltr'>et</span> <span class='ocrx_word' id='word_1_21' title='bbox 837 727 968 791; x_wconf 83' lang='lat' dir='ltr'>finem</span> <span class='ocrx_word' id='word_1_22' title='bbox 1002 731 1183 812; x_wconf 78' lang='lat' dir='ltr'>postremae</span> <span class='ocrx_word' id='word_1_23' title='bbox 1218 730 1310 807; x_wconf 86' lang='lat' dir='ltr'>sunt,</span> 
     </span>
     <span class='ocr_line' id='line_1_5' title="bbox 118 836 989 921; baseline -0.002 -21"><span class='ocrx_word' id='word_1_24' title='bbox 118 887 120 890; x_wconf 85' lang='lat'>.</span> <span class='ocrx_word' id='word_1_25' title='bbox 191 836 382 920; x_wconf 83' lang='lat' dir='ltr'>regionis</span> <span class='ocrx_word' id='word_1_26' title='bbox 404 836 499 900; x_wconf 88' lang='lat' dir='ltr'>facile</span> <span class='ocrx_word' id='word_1_27' title='bbox 522 836 557 900; x_wconf 94' lang='lat' dir='ltr'>in</span> <span class='ocrx_word' id='word_1_28' title='bbox 580 836 906 921; x_wconf 53' lang='lat' dir='ltr'>regis&#39;corruptum</span> <span class='ocrx_word' id='word_1_29' title='bbox 931 840 989 898; x_wconf 89' lang='lat' dir='ltr'>cst.</span> 
     </span>
    </p>
   </div>
   <div class='ocr_carea' id='block_1_3' title="bbox 190 1046 1385 1986">
    <p class='ocr_par' dir='ltr' id='par_1_3' title="bbox 192 1046 1385 1349">
     <span class='ocr_line' id='line_1_6' title="bbox 192 1046 1311 1132; baseline -0.004 -19"><span class='ocrx_word' id='word_1_30' title='bbox 192 1049 251 1114; x_wconf 86' lang='lat' dir='ltr'>IX.</span> <span class='ocrx_word' id='word_1_31' title='bbox 279 1052 306 1114; x_wconf 91' lang='lat'>1.</span> <span class='ocrx_word' id='word_1_32' title='bbox 332 1051 391 1114; x_wconf 84' lang='lat'>23:</span> <span class='ocrx_word' id='word_1_33' title='bbox 416 1049 553 1114; x_wconf 83' lang='lat' dir='ltr'>Obsides</span> <span class='ocrx_word' id='word_1_34' title='bbox 577 1049 778 1113; x_wconf 76' lang='lat' dir='ltr'>ducebantur</span> <span class='ocrx_word' id='word_1_35' title='bbox 801 1056 876 1113; x_wconf 87' lang='lat' dir='ltr'>ante</span> <span class='ocrx_word' id='word_1_36' title='bbox 899 1069 1024 1132; x_wconf 87' lang='lat' dir='ltr'>agmen.</span> <span class='ocrx_word' id='word_1_37' title='bbox 1062 1046 1149 1121; x_wconf 77' lang='lat' dir='ltr'>Quos</span> <span class='ocrx_word' id='word_1_38' title='bbox 1171 1067 1243 1109; x_wconf 92' lang='lat' dir='ltr'>cum</span> <span class='ocrx_word' id='word_1_39' title='bbox 1268 1065 1311 1108; x_wconf 87' lang='lat' dir='ltr'>ex</span> 
     </span>
     <span class='ocr_line' id='line_1_7' title="bbox 412 1137 1385 1240; baseline -0.001 -22"><span class='ocrx_word' id='word_1_40' title='bbox 412 1157 513 1220; x_wconf 86' lang='lat' dir='ltr'>muris</span> <span class='ocrx_word' id='word_1_41' title='bbox 544 1156 789 1239; x_wconf 81' lang='lat' dir='ltr'>adgnouissent,</span> <span class='ocrx_word' id='word_1_42' title='bbox 820 1162 932 1240; x_wconf 86' lang='lat' dir='ltr'>utpote</span> <span class='ocrx_word' id='word_1_43' title='bbox 961 1137 1068 1238; x_wconf 83' lang='lat' dir='ltr'>gentis</span> <span class='ocrx_word' id='word_1_44' title='bbox 1091 1152 1252 1234; x_wconf 88' lang='lat' dir='ltr'>eiusdem,</span> <span class='ocrx_word' id='word_1_45' title='bbox 1276 1151 1311 1215; x_wconf 93' lang='lat' dir='ltr'>in</span> <span class='ocrx_word' id='word_1_46' title='bbox 1383 1212 1385 1217; x_wconf 90' lang='lat'><em>.</em></span> 
     </span>
     <span class='ocr_line' id='line_1_8' title="bbox 413 1263 910 1349; baseline 0.004 -23"><span class='ocrx_word' id='word_1_47' title='bbox 413 1263 621 1349; x_wconf 81' lang='lat' dir='ltr'>conloquium</span> <span class='ocrx_word' id='word_1_48' title='bbox 644 1269 910 1328; x_wconf 81' lang='lat' dir='ltr'>convocaverunt.</span> 
     </span>
    </p>

    <p class='ocr_par' dir='ltr' id='par_1_4' title="bbox 235 1370 1265 1454">
     <span class='ocr_line' id='line_1_9' title="bbox 235 1370 1265 1454; baseline -0.008 -20"><span class='ocrx_word' id='word_1_49' title='bbox 235 1370 338 1454; x_wconf 85' lang='lat' dir='ltr'>Vogel</span> <span class='ocrx_word' id='word_1_50' title='bbox 361 1370 401 1434; x_wconf 90' lang='lat' dir='ltr'>ad</span> <span class='ocrx_word' id='word_1_51' title='bbox 425 1391 475 1434; x_wconf 84' lang='lat' dir='ltr'>ex</span> <span class='ocrx_word' id='word_1_52' title='bbox 498 1371 629 1436; x_wconf 87' lang='lat' dir='ltr'>muris</span> <span class='ocrx_word' id='word_1_53' title='bbox 654 1371 797 1435; x_wconf 89' lang='lat' dir='ltr'>conferre</span> <span class='ocrx_word' id='word_1_54' title='bbox 821 1371 928 1434; x_wconf 87' lang='lat' dir='ltr'>iubet:</span> <span class='ocrx_word' id='word_1_55' title='bbox 953 1371 982 1431; x_wconf 79' lang='grc' dir='ltr'>οἱ</span> <span class='ocrx_word' id='word_1_56' title='bbox 1005 1370 1036 1448; x_wconf 74' lang='lat' dir='ltr'>ta</span> <span class='ocrx_word' id='word_1_57' title='bbox 1061 1379 1124 1429; x_wconf 72' lang='grc' dir='ltr'>τῶν</span> <span class='ocrx_word' id='word_1_58' title='bbox 1148 1377 1265 1448; x_wconf 67' lang='grc' dir='ltr'><strong><em>τειχῶν.</em></strong></span> 
     </span>
    </p>

    <p class='ocr_par' dir='ltr' id='par_1_5' title="bbox 190 1473 1313 1986">
     <span class='ocr_line' id='line_1_10' title="bbox 235 1473 1311 1562; baseline -0.002 -22"><span class='ocrx_word' id='word_1_59' title='bbox 235 1478 290 1540; x_wconf 87' lang='lat' dir='ltr'>An</span> <span class='ocrx_word' id='word_1_60' title='bbox 312 1477 395 1542; x_wconf 88' lang='lat' dir='ltr'>forte</span> <span class='ocrx_word' id='word_1_61' title='bbox 415 1477 587 1562; x_wconf 85' lang='lat' dir='ltr'>legendum</span> <span class='ocrx_word' id='word_1_62' title='bbox 607 1478 777 1544; x_wconf 86' lang='lat' dir='ltr'>incolae</span> <span class='ocrx_word' id='word_1_63' title='bbox 797 1479 840 1541; x_wconf 92' lang='lat' dir='ltr'>in</span> <span class='ocrx_word' id='word_1_64' title='bbox 860 1474 1154 1562; x_wconf 76' lang='lat' dir='ltr'>conloquium?</span> <span class='ocrx_word' id='word_1_65' title='bbox 1174 1473 1311 1558; x_wconf 87' lang='lat' dir='ltr'>Propter</span> 
     </span>
     <span class='ocr_line' id='line_1_11' title="bbox 190 1581 1311 1668; baseline -0.002 -22"><span class='ocrx_word' id='word_1_66' title='bbox 190 1583 372 1648; x_wconf 87' lang='lat' dir='ltr'>litterarum</span> <span class='ocrx_word' id='word_1_67' title='bbox 396 1585 528 1649; x_wconf 91' lang='lat' dir='ltr'>ductum</span> <span class='ocrx_word' id='word_1_68' title='bbox 550 1585 645 1650; x_wconf 87' lang='lat' dir='ltr'>facilc</span> <span class='ocrx_word' id='word_1_69' title='bbox 669 1585 702 1648; x_wconf 91' lang='lat' dir='ltr'>id</span> <span class='ocrx_word' id='word_1_70' title='bbox 726 1585 918 1650; x_wconf 87' lang='lat' dir='ltr'>vocabulum</span> <span class='ocrx_word' id='word_1_71' title='bbox 937 1584 1043 1648; x_wconf 89' lang='lat' dir='ltr'>omitti</span> <span class='ocrx_word' id='word_1_72' title='bbox 1063 1582 1176 1668; x_wconf 90' lang='lat' dir='ltr'>potuit.</span> <span class='ocrx_word' id='word_1_73' title='bbox 1202 1581 1311 1645; x_wconf 80' lang='lat' dir='ltr'>Etiam</span> 
     </span>
     <span class='ocr_line' id='line_1_12' title="bbox 191 1690 1312 1778; baseline -0.003 -24"><span class='ocrx_word' id='word_1_74' title='bbox 191 1690 334 1766; x_wconf 85' lang='lat' dir='ltr'>conferas</span> <span class='ocrx_word' id='word_1_75' title='bbox 353 1712 446 1776; x_wconf 87' lang='lat' dir='ltr'>rogo,</span> <span class='ocrx_word' id='word_1_76' title='bbox 467 1713 550 1778; x_wconf 89' lang='lat' dir='ltr'>quae</span> <span class='ocrx_word' id='word_1_77' title='bbox 570 1693 680 1778; x_wconf 89' lang='lat' dir='ltr'>paullo</span> <span class='ocrx_word' id='word_1_78' title='bbox 700 1699 776 1756; x_wconf 88' lang='lat' dir='ltr'>ante</span> <span class='ocrx_word' id='word_1_79' title='bbox 797 1699 888 1774; x_wconf 89' lang='lat' dir='ltr'>sunt,</span> <span class='ocrx_word' id='word_1_80' title='bbox 906 1692 940 1754; x_wconf 94' lang='lat' dir='ltr'>in</span> <span class='ocrx_word' id='word_1_81' title='bbox 960 1693 978 1774; x_wconf 64' lang='grc' dir='ltr'>ξ</span> <span class='ocrx_word' id='word_1_82' title='bbox 1001 1693 1058 1754; x_wconf 82' lang='lat'>19:</span> <span class='ocrx_word' id='word_1_83' title='bbox 1082 1690 1169 1774; x_wconf 88' lang='lat' dir='ltr'>,ipse</span> <span class='ocrx_word' id='word_1_84' title='bbox 1190 1695 1312 1752; x_wconf 89' lang='lat' dir='ltr'>ceteros</span> 
     </span>
     <span class='ocr_line' id='line_1_13' title="bbox 191 1795 1313 1886; baseline -0.002 -26"><span class='ocrx_word' id='word_1_85' title='bbox 191 1797 231 1860; x_wconf 92' lang='lat' dir='ltr'>ad</span> <span class='ocrx_word' id='word_1_86' title='bbox 261 1798 374 1862; x_wconf 87' lang='lat' dir='ltr'>urbem</span> <span class='ocrx_word' id='word_1_87' title='bbox 404 1799 563 1882; x_wconf 87' lang='lat' dir='ltr'>validam,</span> <span class='ocrx_word' id='word_1_88' title='bbox 595 1800 629 1862; x_wconf 98' lang='lat' dir='ltr'>in</span> <span class='ocrx_word' id='word_1_89' title='bbox 661 1820 758 1886; x_wconf 89' lang='lat' dir='ltr'>quam</span> <span class='ocrx_word' id='word_1_90' title='bbox 790 1799 928 1862; x_wconf 88' lang='lat' dir='ltr'>aliarum</span> <span class='ocrx_word' id='word_1_91' title='bbox 952 1817 1078 1883; x_wconf 92' lang='lat' dir='ltr'>quoque</span> <span class='ocrx_word' id='word_1_92' title='bbox 1102 1795 1313 1879; x_wconf 85' lang='lat' dir='ltr'>confugerant</span> 
     </span>
     <span class='ocr_line' id='line_1_14' title="bbox 191 1902 483 1986; baseline 0.007 -21"><span class='ocrx_word' id='word_1_93' title='bbox 191 1902 333 1986; x_wconf 85' lang='lat' dir='ltr'>incolae,</span> <span class='ocrx_word' id='word_1_94' title='bbox 357 1904 483 1968; x_wconf 84' lang='lat' dir='ltr'>duxit.”</span> 
     </span>
    </p>
   </div>
   <div class='ocr_carea' id='block_1_4' title="bbox 191 2113 1398 3811">
    <p class='ocr_par' dir='ltr' id='par_1_6' title="bbox 191 2113 1313 2290">
     <span class='ocr_line' id='line_1_15' title="bbox 191 2113 1313 2205; baseline 0 -26"><span class='ocrx_word' id='word_1_95' title='bbox 191 2114 252 2182; x_wconf 90' lang='lat' dir='ltr'>IX.</span> <span class='ocrx_word' id='word_1_96' title='bbox 279 2117 307 2180; x_wconf 82' lang='lat'>2.</span> <span class='ocrx_word' id='word_1_97' title='bbox 336 2117 393 2180; x_wconf 82' lang='lat'>14:</span> <span class='ocrx_word' id='word_1_98' title='bbox 415 2113 666 2205; x_wconf 54' lang='lat' dir='ltr'>Numquam‘ad</span> <span class='ocrx_word' id='word_1_99' title='bbox 689 2117 850 2205; x_wconf 87' lang='lat' dir='ltr'>liquidum</span> <span class='ocrx_word' id='word_1_100' title='bbox 873 2119 960 2183; x_wconf 87' lang='lat' dir='ltr'>fama</span> <span class='ocrx_word' id='word_1_101' title='bbox 983 2118 1180 2204; x_wconf 85' lang='lat' dir='ltr'>perducitur,</span> <span class='ocrx_word' id='word_1_102' title='bbox 1204 2116 1313 2181; x_wconf 88' lang='lat' dir='ltr'>omnia</span> 
     </span>
     <span class='ocr_line' id='line_1_16' title="bbox 415 2224 996 2290; baseline 0.007 -4"><span class='ocrx_word' id='word_1_103' title='bbox 415 2224 473 2287; x_wconf 90' lang='lat' dir='ltr'>illa</span> <span class='ocrx_word' id='word_1_104' title='bbox 496 2225 645 2290; x_wconf 90' lang='lat' dir='ltr'>tradente</span> <span class='ocrx_word' id='word_1_105' title='bbox 668 2226 788 2290; x_wconf 87' lang='lat' dir='ltr'>maiora</span> <span class='ocrx_word' id='word_1_106' title='bbox 812 2232 888 2289; x_wconf 89' lang='lat' dir='ltr'>sunt</span> <span class='ocrx_word' id='word_1_107' title='bbox 909 2247 996 2290; x_wconf 86' lang='lat' dir='ltr'>vero.</span> 
     </span>
    </p>

    <p class='ocr_par' dir='ltr' id='par_1_7' title="bbox 187 2328 1398 3697">
     <span class='ocr_line' id='line_1_17' title="bbox 237 2328 1312 2415; baseline 0 -23"><span class='ocrx_word' id='word_1_108' title='bbox 237 2328 357 2414; x_wconf 86' lang='lat' dir='ltr'>Vogel:</span> <span class='ocrx_word' id='word_1_109' title='bbox 386 2330 541 2412; x_wconf 75' lang='lat' dir='ltr'>„Stbrend</span> <span class='ocrx_word' id='word_1_110' title='bbox 565 2332 624 2415; x_wconf 89' lang='lat' dir='ltr'>ist,</span> <span class='ocrx_word' id='word_1_111' title='bbox 649 2332 721 2396; x_wconf 87' lang='lat' dir='ltr'>dass</span> <span class='ocrx_word' id='word_1_112' title='bbox 745 2332 760 2395; x_wconf 85' lang='lat' dir='ltr'><strong>f</strong></span> <span class='ocrx_word' id='word_1_113' title='bbox 766 2354 869 2415; x_wconf 90' lang='lat' dir='ltr'>ama,</span> <span class='ocrx_word' id='word_1_114' title='bbox 893 2333 1182 2414; x_wconf 78' lang='lat' dir='ltr'>hierzrumor,</span> <span class='ocrx_word' id='word_1_115' title='bbox 1205 2329 1312 2413; x_wconf 89' lang='lat' dir='ltr'>gleioh</span> 
     </span>
     <span class='ocr_line' id='line_1_18' title="bbox 192 2435 1313 2523; baseline -0.001 -23"><span class='ocrx_word' id='word_1_116' title='bbox 192 2435 309 2501; x_wconf 89' lang='lat' dir='ltr'>darauf</span> <span class='ocrx_word' id='word_1_117' title='bbox 336 2436 383 2500; x_wconf 87' lang='lat' dir='ltr'>als</span> <span class='ocrx_word' id='word_1_118' title='bbox 414 2437 537 2502; x_wconf 87' lang='lat' dir='ltr'>Person</span> <span class='ocrx_word' id='word_1_119' title='bbox 568 2438 688 2523; x_wconf 86' lang='lat' dir='ltr'>gefasst</span> <span class='ocrx_word' id='word_1_120' title='bbox 717 2438 830 2503; x_wconf 84' lang='lat' dir='ltr'>wird.’&#39;</span> <span class='ocrx_word' id='word_1_121' title='bbox 871 2439 984 2503; x_wconf 86' lang='lat' dir='ltr'>Potius</span> <span class='ocrx_word' id='word_1_122' title='bbox 1015 2438 1118 2517; x_wconf 76' lang='lat' dir='ltr'>dicam</span> <span class='ocrx_word' id='word_1_123' title='bbox 1142 2437 1313 2500; x_wconf 86' lang='lat' dir='ltr'>molestum</span> 
     </span>
     <span class='ocr_line' id='line_1_19' title="bbox 192 2544 1313 2630; baseline -0.001 -22"><span class='ocrx_word' id='word_1_124' title='bbox 192 2565 260 2608; x_wconf 87' lang='lat' dir='ltr'>esse</span> <span class='ocrx_word' id='word_1_125' title='bbox 284 2544 421 2627; x_wconf 87' lang='lat' dir='ltr'>famam,</span> <span class='ocrx_word' id='word_1_126' title='bbox 446 2566 529 2630; x_wconf 90' lang='lat' dir='ltr'>quae</span> <span class='ocrx_word' id='word_1_127' title='bbox 548 2546 654 2609; x_wconf 86' lang='lat' dir='ltr'>verbis</span> <span class='ocrx_word' id='word_1_128' title='bbox 674 2546 755 2609; x_wconf 89' lang='lat' dir='ltr'>illa</span> <span class='ocrx_word' id='word_1_129' title='bbox 775 2545 971 2610; x_wconf 79' lang='lat' dir='ltr'>tradente</span> <span class='ocrx_word' id='word_1_130' title='bbox 993 2552 1158 2630; x_wconf 86' lang='lat' dir='ltr'>tamquam</span> <span class='ocrx_word' id='word_1_131' title='bbox 1177 2564 1313 2630; x_wconf 86' lang='lat' dir='ltr'>persona</span> 
     </span>
     <span class='ocr_line' id='line_1_20' title="bbox 192 2651 1314 2737; baseline 0 -23"><span class='ocrx_word' id='word_1_132' title='bbox 192 2672 289 2734; x_wconf 88' lang='lat' dir='ltr'>agens</span> <span class='ocrx_word' id='word_1_133' title='bbox 321 2651 536 2735; x_wconf 86' lang='lat' dir='ltr'>significatur,</span> <span class='ocrx_word' id='word_1_134' title='bbox 567 2653 607 2716; x_wconf 93' lang='lat' dir='ltr'>ad</span> <span class='ocrx_word' id='word_1_135' title='bbox 639 2653 774 2717; x_wconf 86' lang='lat' dir='ltr'>verbum</span> <span class='ocrx_word' id='word_1_136' title='bbox 804 2652 1057 2737; x_wconf 90' lang='lat' dir='ltr'>perducitur</span> <span class='ocrx_word' id='word_1_137' title='bbox 1088 2651 1214 2736; x_wconf 85' lang='lat' dir='ltr'>passive</span> <span class='ocrx_word' id='word_1_138' title='bbox 1245 2671 1314 2714; x_wconf 88' lang='lat' dir='ltr'>esse</span> 
     </span>
     <span class='ocr_line' id='line_1_21' title="bbox 193 2756 1314 2844; baseline 0 -25"><span class='ocrx_word' id='word_1_139' title='bbox 193 2756 447 2841; x_wconf 85' lang='lat' dir='ltr'>intelligendam.</span> <span class='ocrx_word' id='word_1_140' title='bbox 490 2759 573 2824; x_wconf 86' lang='lat' dir='ltr'>Nam</span> <span class='ocrx_word' id='word_1_141' title='bbox 610 2759 689 2844; x_wconf 94' lang='lat' dir='ltr'>quin</span> <span class='ocrx_word' id='word_1_142' title='bbox 722 2759 821 2823; x_wconf 86' lang='lat' dir='ltr'>verba</span> <span class='ocrx_word' id='word_1_143' title='bbox 852 2759 1076 2824; x_wconf 74' lang='lat' dir='ltr'>omnia...</span> <span class='ocrx_word' id='word_1_144' title='bbox 1108 2777 1206 2822; x_wconf 81' lang='lat' dir='ltr'>vero</span> <span class='ocrx_word' id='word_1_145' title='bbox 1237 2778 1314 2820; x_wconf 86' lang='lat' dir='ltr'>sana</span> 
     </span>
     <span class='ocr_line' id='line_1_22' title="bbox 193 2861 1341 2955; baseline -0.001 -28"><span class='ocrx_word' id='word_1_146' title='bbox 193 2864 273 2948; x_wconf 87' lang='lat' dir='ltr'>sint,</span> <span class='ocrx_word' id='word_1_147' title='bbox 308 2865 399 2928; x_wconf 89' lang='lat' dir='ltr'>nulla</span> <span class='ocrx_word' id='word_1_148' title='bbox 433 2885 502 2929; x_wconf 89' lang='lat' dir='ltr'>esse</span> <span class='ocrx_word' id='word_1_149' title='bbox 537 2872 641 2950; x_wconf 88' lang='lat' dir='ltr'>potest</span> <span class='ocrx_word' id='word_1_150' title='bbox 675 2866 852 2950; x_wconf 82' lang='lat' dir='ltr'>dubitati03</span> <span class='ocrx_word' id='word_1_151' title='bbox 870 2933 872 2937; x_wconf 11' lang='grc' dir='ltr'><em>Α</em></span> <span class='ocrx_word' id='word_1_152' title='bbox 887 2873 974 2931; x_wconf 88' lang='lat' dir='ltr'>reete</span> <span class='ocrx_word' id='word_1_153' title='bbox 1008 2864 1166 2930; x_wconf 89' lang='lat' dir='ltr'>Heitland</span> <span class='ocrx_word' id='word_1_154' title='bbox 1178 2861 1204 2949; x_wconf 89' lang='grc'>1)</span> <span class='ocrx_word' id='word_1_155' title='bbox 1235 2863 1341 2955; x_wconf 24' lang='lat' dir='ltr'>illa·</span> 
     </span>
     <span class='ocr_line' id='line_1_23' title="bbox 193 2961 1398 3058; baseline -0.001 -24"><span class='ocrx_word' id='word_1_156' title='bbox 193 2971 391 3036; x_wconf 87' lang='lat' dir='ltr'>tradente</span> <span class='ocrx_word' id='word_1_157' title='bbox 418 2971 668 3058; x_wconf 88' lang='lat' dir='ltr'>interpretatur:</span> <span class='ocrx_word' id='word_1_158' title='bbox 704 2973 816 3054; x_wconf 86' lang='lat' dir='ltr'>,when</span> <span class='ocrx_word' id='word_1_159' title='bbox 841 2973 897 3036; x_wconf 91' lang='lat' dir='ltr'>she</span> <span class='ocrx_word' id='word_1_160' title='bbox 922 2973 1024 3036; x_wconf 88' lang='lat' dir='ltr'>hands</span> <span class='ocrx_word' id='word_1_161' title='bbox 1047 2961 1137 3036; x_wconf 94' lang='lat' dir='ltr'>them</span> <span class='ocrx_word' id='word_1_162' title='bbox 1161 2992 1221 3054; x_wconf 86' lang='lat' dir='ltr'>cn,</span> <span class='ocrx_word' id='word_1_163' title='bbox 1246 2971 1316 3036; x_wconf 87' lang='lat' dir='ltr'>that</span> <span class='ocrx_word' id='word_1_164' title='bbox 1393 2994 1398 3002; x_wconf 92' lang='lat'><strong>·</strong></span> 
     </span>
     <span class='ocr_line' id='line_1_24' title="bbox 194 3077 1316 3164; baseline 0.002 -24"><span class='ocrx_word' id='word_1_165' title='bbox 194 3077 239 3160; x_wconf 91' lang='lat' dir='ltr'>is,</span> <span class='ocrx_word' id='word_1_166' title='bbox 282 3078 375 3142; x_wconf 87' lang='lat' dir='ltr'>when</span> <span class='ocrx_word' id='word_1_167' title='bbox 414 3079 469 3143; x_wconf 89' lang='lat' dir='ltr'>she</span> <span class='ocrx_word' id='word_1_168' title='bbox 504 3079 532 3142; x_wconf 88' lang='lat' dir='ltr'>is</span> <span class='ocrx_word' id='word_1_169' title='bbox 566 3079 620 3144; x_wconf 92' lang='lat' dir='ltr'>the</span> <span class='ocrx_word' id='word_1_170' title='bbox 655 3080 798 3143; x_wconf 90' lang='lat' dir='ltr'>medium</span> <span class='ocrx_word' id='word_1_171' title='bbox 833 3080 972 3163; x_wconf 89' lang='lat' dir='ltr'>through</span> <span class='ocrx_word' id='word_1_172' title='bbox 1006 3079 1112 3143; x_wconf 85' lang='lat' dir='ltr'>which</span> <span class='ocrx_word' id='word_1_173' title='bbox 1148 3079 1226 3164; x_wconf 92' lang='lat' dir='ltr'>they</span> <span class='ocrx_word' id='word_1_174' title='bbox 1260 3098 1316 3142; x_wconf 86' lang='lat' dir='ltr'>are</span> 
     </span>
     <span class='ocr_line' id='line_1_25' title="bbox 193 3184 1315 3272; baseline 0.002 -26"><span class='ocrx_word' id='word_1_175' title='bbox 193 3184 387 3270; x_wconf 86' lang='lat' dir='ltr'>eonveyed.”</span> <span class='ocrx_word' id='word_1_176' title='bbox 419 3185 525 3269; x_wconf 91' lang='lat' dir='ltr'>Igitur</span> <span class='ocrx_word' id='word_1_177' title='bbox 557 3191 589 3250; x_wconf 91' lang='lat' dir='ltr'>et</span> <span class='ocrx_word' id='word_1_178' title='bbox 618 3186 653 3249; x_wconf 89' lang='lat' dir='ltr'>in</span> <span class='ocrx_word' id='word_1_179' title='bbox 685 3187 790 3272; x_wconf 87' lang='lat' dir='ltr'>priore</span> <span class='ocrx_word' id='word_1_180' title='bbox 821 3186 1002 3251; x_wconf 88' lang='lat' dir='ltr'>sententiae</span> <span class='ocrx_word' id='word_1_181' title='bbox 1026 3192 1117 3271; x_wconf 89' lang='lat' dir='ltr'>parte</span> <span class='ocrx_word' id='word_1_182' title='bbox 1141 3185 1228 3250; x_wconf 86' lang='lat' dir='ltr'>fama</span> <span class='ocrx_word' id='word_1_183' title='bbox 1251 3206 1315 3248; x_wconf 95' lang='lat' dir='ltr'>non</span> 
     </span>
     <span class='ocr_line' id='line_1_26' title="bbox 195 3290 1315 3379; baseline 0 -24"><span class='ocrx_word' id='word_1_184' title='bbox 195 3290 348 3376; x_wconf 87' lang='lat' dir='ltr'>perducta</span> <span class='ocrx_word' id='word_1_185' title='bbox 377 3291 432 3355; x_wconf 86' lang='lat' dir='ltr'>sed</span> <span class='ocrx_word' id='word_1_186' title='bbox 464 3293 642 3377; x_wconf 88' lang='lat' dir='ltr'>perducens</span> <span class='ocrx_word' id='word_1_187' title='bbox 673 3294 713 3358; x_wconf 90' lang='lat' dir='ltr'>ad</span> <span class='ocrx_word' id='word_1_188' title='bbox 744 3293 904 3379; x_wconf 92' lang='lat' dir='ltr'>liquidum</span> <span class='ocrx_word' id='word_1_189' title='bbox 935 3293 1061 3358; x_wconf 91' lang='lat' dir='ltr'>dicatur</span> <span class='ocrx_word' id='word_1_190' title='bbox 1092 3313 1222 3357; x_wconf 87' lang='lat' dir='ltr'>neeesse</span> <span class='ocrx_word' id='word_1_191' title='bbox 1249 3298 1315 3356; x_wconf 86' lang='lat' dir='ltr'>est:</span> 
     </span>
     <span class='ocr_line' id='line_1_27' title="bbox 194 3383 1317 3485; baseline -0.001 -23"><span class='ocrx_word' id='word_1_192' title='bbox 194 3418 270 3482; x_wconf 89' lang='lat' dir='ltr'>ergo</span> <span class='ocrx_word' id='word_1_193' title='bbox 301 3383 336 3460; x_wconf 87' lang='lat' dir='ltr'>in</span> <span class='ocrx_word' id='word_1_194' title='bbox 365 3418 440 3462; x_wconf 86' lang='lat' dir='ltr'>casu</span> <span class='ocrx_word' id='word_1_195' title='bbox 471 3400 612 3464; x_wconf 84' lang='lat' dir='ltr'>ablativo</span> <span class='ocrx_word' id='word_1_196' title='bbox 643 3401 780 3485; x_wconf 87' lang='lat' dir='ltr'>positam</span> <span class='ocrx_word' id='word_1_197' title='bbox 811 3423 880 3466; x_wconf 88' lang='lat' dir='ltr'>esse</span> <span class='ocrx_word' id='word_1_198' title='bbox 903 3399 1070 3465; x_wconf 87' lang='lat' dir='ltr'>contendo.</span> <span class='ocrx_word' id='word_1_199' title='bbox 1106 3399 1198 3475; x_wconf 85' lang='lat' dir='ltr'>Quod</span> <span class='ocrx_word' id='word_1_200' title='bbox 1221 3399 1248 3463; x_wconf 90' lang='lat' dir='ltr'>si</span> <span class='ocrx_word' id='word_1_201' title='bbox 1271 3399 1317 3462; x_wconf 88' lang='lat' dir='ltr'>ita</span> 
     </span>
     <span class='ocr_line' id='line_1_28' title="bbox 195 3504 1316 3595; baseline 0 -26"><span class='ocrx_word' id='word_1_202' title='bbox 195 3511 258 3584; x_wconf 87' lang='lat' dir='ltr'>est,</span> <span class='ocrx_word' id='word_1_203' title='bbox 292 3504 471 3570; x_wconf 88' lang='lat' dir='ltr'>subiectum</span> <span class='ocrx_word' id='word_1_204' title='bbox 497 3507 691 3592; x_wconf 82' lang='lat' dir='ltr'>requiritur,</span> <span class='ocrx_word' id='word_1_205' title='bbox 716 3507 813 3592; x_wconf 92' lang='lat' dir='ltr'>idque</span> <span class='ocrx_word' id='word_1_206' title='bbox 836 3507 1004 3595; x_wconf 87' lang='lat' dir='ltr'>aliquid</span> <span class='ocrx_word' id='word_1_207' title='bbox 1027 3507 1126 3572; x_wconf 86' lang='lat' dir='ltr'>fuisso</span> <span class='ocrx_word' id='word_1_208' title='bbox 1150 3513 1316 3593; x_wconf 86' lang='lat' dir='ltr'>procerte</span> 
     </span>
     <span class='ocr_line' id='line_1_29' title="bbox 193 3611 674 3697; baseline 0.004 -22"><span class='ocrx_word' id='word_1_209' title='bbox 193 3611 305 3677; x_wconf 85' lang='lat' dir='ltr'>habac.</span> <span class='ocrx_word' id='word_1_210' title='bbox 344 3611 535 3697; x_wconf 88' lang='lat' dir='ltr'>Legendum</span> <span class='ocrx_word' id='word_1_211' title='bbox 559 3613 674 3697; x_wconf 92' lang='lat' dir='ltr'>igitur:</span> 
     </span>
    </p>

    <p class='ocr_par' dir='ltr' id='par_1_8' title="bbox 281 3719 1315 3811">
     <span class='ocr_line' id='line_1_30' title="bbox 281 3719 1315 3811; baseline 0.003 -28"><span class='ocrx_word' id='word_1_212' title='bbox 281 3719 469 3805; x_wconf 89' lang='lat' dir='ltr'>Numquam</span> <span class='ocrx_word' id='word_1_213' title='bbox 483 3719 522 3783; x_wconf 90' lang='lat' dir='ltr'>ad</span> <span class='ocrx_word' id='word_1_214' title='bbox 536 3719 697 3811; x_wconf 90' lang='lat' dir='ltr'>liquidum</span> <span class='ocrx_word' id='word_1_215' title='bbox 717 3722 887 3807; x_wconf 86' lang='lat' dir='ltr'>aliquid</span> <span class='ocrx_word' id='word_1_216' title='bbox 907 3721 993 3785; x_wconf 89' lang='lat' dir='ltr'>fama</span> <span class='ocrx_word' id='word_1_217' title='bbox 1005 3721 1199 3808; x_wconf 86' lang='lat' dir='ltr'>perducitur,</span> <span class='ocrx_word' id='word_1_218' title='bbox 1212 3741 1239 3785; x_wconf 91' lang='lat' dir='ltr'>e.</span> <span class='ocrx_word' id='word_1_219' title='bbox 1249 3741 1281 3805; x_wconf 84' lang='lat' dir='ltr'>q.</span> <span class='ocrx_word' id='word_1_220' title='bbox 1291 3742 1315 3786; x_wconf 88' lang='lat' dir='ltr'>s.</span> 
     </span>
    </p>
   </div>
   <div class='ocr_carea' id='block_1_5' title="bbox 194 4080 1317 4232">
    <p class='ocr_par' dir='ltr' id='par_1_9' title="bbox 194 4080 1317 4232">
     <span class='ocr_line' id='line_1_31' title="bbox 230 4080 1317 4152; baseline 0.005 -24"><span class='ocrx_word' id='word_1_221' title='bbox 230 4083 251 4141; x_wconf 77' lang='lat'>1)</span> <span class='ocrx_word' id='word_1_222' title='bbox 268 4080 292 4129; x_wconf 80' lang='lat' dir='ltr'>A</span> <span class='ocrx_word' id='word_1_223' title='bbox 314 4081 413 4145; x_wconf 85' lang='lat' dir='ltr'>portion</span> <span class='ocrx_word' id='word_1_224' title='bbox 433 4081 460 4131; x_wconf 86' lang='lat' dir='ltr'>ol</span> <span class='ocrx_word' id='word_1_225' title='bbox 481 4082 525 4130; x_wconf 94' lang='lat' dir='ltr'>the</span> <span class='ocrx_word' id='word_1_226' title='bbox 548 4082 655 4149; x_wconf 81' lang='lat' dir='ltr'>History</span> <span class='ocrx_word' id='word_1_227' title='bbox 677 4083 704 4134; x_wconf 84' lang='lat' dir='ltr'>of</span> <span class='ocrx_word' id='word_1_228' title='bbox 724 4083 757 4146; x_wconf 68' lang='lat' dir='ltr'>Q.</span> <span class='ocrx_word' id='word_1_229' title='bbox 782 4083 885 4134; x_wconf 78' lang='lat' dir='ltr'>Curtius</span> <span class='ocrx_word' id='word_1_230' title='bbox 904 4087 943 4135; x_wconf 89' lang='lat' dir='ltr'>ed.</span> <span class='ocrx_word' id='word_1_231' title='bbox 961 4086 994 4152; x_wconf 83' lang='lat' dir='ltr'>by</span> <span class='ocrx_word' id='word_1_232' title='bbox 1012 4084 1055 4135; x_wconf 86' lang='lat' dir='ltr'>W.</span> <span class='ocrx_word' id='word_1_233' title='bbox 1074 4084 1105 4135; x_wconf 77' lang='grc' dir='ltr'>Ε.</span> <span class='ocrx_word' id='word_1_234' title='bbox 1124 4083 1248 4134; x_wconf 85' lang='lat' dir='ltr'>Heitland</span> <span class='ocrx_word' id='word_1_235' title='bbox 1266 4085 1317 4133; x_wconf 81' lang='lat' dir='ltr'>and</span> 
     </span>
     <span class='ocr_line' id='line_1_32' title="bbox 194 4163 653 4232; baseline 0.011 -18"><span class='ocrx_word' id='word_1_236' title='bbox 194 4163 224 4214; x_wconf 77' lang='grc' dir='ltr'>Τ.</span> <span class='ocrx_word' id='word_1_237' title='bbox 241 4164 273 4216; x_wconf 85' lang='lat' dir='ltr'>ll.</span> <span class='ocrx_word' id='word_1_238' title='bbox 291 4163 395 4230; x_wconf 75' lang='lat' dir='ltr'>Rauen,</span> <span class='ocrx_word' id='word_1_239' title='bbox 413 4165 563 4232; x_wconf 81' lang='lat' dir='ltr'>Cambridge</span> <span class='ocrx_word' id='word_1_240' title='bbox 582 4171 653 4219; x_wconf 77' lang='lat'><strong>1879.</strong></span> 
     </span>
    </p>
   </div>
   <div class='ocr_carea' id='block_1_6' title="bbox 0 0 1529 4834">
    <p class='ocr_par' dir='ltr' id='par_1_10' title="bbox 0 0 1529 4834">
     <span class='ocr_line' id='line_1_33' title="bbox 0 0 1529 4834; baseline 0 0"><span class='ocrx_word' id='word_1_241' title='bbox 0 0 1529 4834; x_wconf 95' lang='lat' dir='ltr'> </span> 
     </span>
    </p>
   </div>
  </div>
 </body>
</html>
