3034 4834
682 231 721 299 15

277 429 279 434 ’
391 435 477 494 certe
496 428 734 512 iniquissimus,
758 427 821 491 nisi
841 427 939 513 pedes
957 427 1099 518 militare
1119 426 1254 512 vellem,

387 535 527 599 retinere
550 536 694 619 cogebar.

180 643 487 726 Iniquissimus
520 661 621 707 unum
656 641 770 732 fragm.
804 624 942 705 Eiusidl.
977 642 1092 725 habet,
1131 642 1256 707 codices

137 751 237 816 ceteri
278 749 567 835 iniquissime,
611 749 715 814 Paris.
751 787 792 794 —
827 747 888 813 mi.
933 787 974 794 -
1010 747 1091 812 Mihi
1124 749 1254 833 quidem

40 893 41 896 ¹
138 878 264 943 semper
294 850 392 922 verba
423 862 538 922 certe
569 855 871 939 iniquissimus
897 854 1071 919 admodum
1099 856 1256 940 languere

138 965 287 1029 videntur
315 965 349 1027 in
379 965 522 1029 oratione
553 963 612 1026 illa
642 961 850 1026 acerbissima
880 983 944 1045 qua
974 961 1135 1048 Amyntas
1161 962 1258 1026 Anti·

138 1071 275 1156 phanem
299 1071 498 1157 perstringit.
530 1069 619 1133 Num
643 1067 784 1132 insiticia
807 1067 872 1132 sint
894 1067 1027 1132 videant
1049 1066 1214 1136 doctiores.
1262 1147 1264 1149 ι

40 1323 42 1344 ÷
138 1283 214 1349 VII.
240 1288 269 1348 9.
297 1287 355 1348 13:
391 1303 564 1366 omnesque
589 1281 698 1346 effusis
721 1281 857 1346 habenis
882 1319 922 1328 -
942 1303 1081 1366 namque
1100 1283 1257 1366 equestris

40 1381 42 1386 ’
390 1390 474 1454 acies
499 1395 569 1454 erat
594 1428 634 1436 —
659 1395 832 1474 capessunt
853 1389 974 1472 fugam.¹

76 1572 78 1577 ,
182 1498 269 1562 Sciat
299 1497 399 1562 lector
429 1498 469 1562 de
493 1497 622 1582 Scythis
646 1516 828 1574 sermonem
851 1515 933 1578 esse,
960 1495 1016 1578 qui
1038 1495 1074 1558 in
1096 1497 1114 1579 ξ
1138 1498 1157 1560 5
1185 1497 1259 1578 ,ad-

137 1611 239 1668 motos
262 1604 389 1670 ordines
413 1604 558 1688 equitum
581 1604 617 1667 in
644 1603 747 1687 primo
771 1602 861 1687 ripae
884 1602 1030 1686 margine
1054 1603 1259 1689 opposuisse'’

138 1711 325 1776 Alexandro
338 1711 506 1795 dicuntur,
525 1716 694 1796 praeterea
706 1709 740 1772 in
753 1709 771 1791 ξ
785 1711 804 1772 9
819 1709 973 1794 scriptum
986 1729 1053 1773 esse
1067 1709 1259 1775 Macedones

40 1823 41 1856 ³
138 1838 191 1881 eos
231 1819 360 1882 territos
401 1798 657 1902 recipientesque
694 1835 793 1898 equos
828 1815 954 1898 videre,
989 1836 1110 1899 neque,
1145 1817 1257 1900 credo,
1347 1833 1350 1838 ·

137 1925 292 1998 audaciae
311 1943 364 1986 me
383 1923 562 2005 accusabit,
587 1923 685 1987 verba
709 1914 884 2005 namque
907 1923 1120 2005 equestris
1144 1924 1258 1989 acies

40 2033 41 2040 ’
139 2036 230 2094 erat
252 2036 289 2092 ut
308 2028 457 2114 putidum
468 2029 559 2093 verbi
583 2029 773 2093 habenis·
785 2029 1108 2114 interpretamentum
1120 2030 1260 2095 delenda

139 2143 333 2200 censentem.

40 2449 41 2452 Ἴ
138 2349 198 2416 ΙΧ.
225 2352 254 2414 5.
279 2352 317 2412 2:
354 2348 570 2433 (Alexander)
594 2349 629 2412 in
648 2350 762 2414 urbem
782 2350 922 2413 hostium
941 2350 1071 2435 plenam
1090 2353 1260 2438 praecipiti

356 2458 439 2520 saltu
462 2457 633 2543 semetipse
656 2457 797 2540 inmisit,
822 2478 895 2521 cum
914 2457 971 2521 vix
989 2479 1119 2543 sperare
1138 2467 1258 2545 posset,

354 2564 560 2628 dimicantem
581 2569 667 2628 certe
688 2569 720 2628 et
740 2585 805 2628 non
816 2565 956 2629 inultum
969 2586 1038 2629 esse
1050 2567 1258 2631 moriturum:

352 2670 471 2758 quippe
495 2678 668 2755 antequam
691 2671 895 2756 adsurgeret,
920 2673 1059 2758 opprimi
1082 2680 1208 2758 poterat
1226 2680 1259 2739 et

355 2779 426 2863 oapi
457 2778 559 2842 vivus.
595 2778 658 2850 Sed
690 2777 772 2842 forte
799 2779 846 2842 ita
869 2779 1046 2845 libraverat
1068 2772 1198 2866 corpus,
1222 2789 1259 2845 ut

355 2906 387 2949 se
419 2884 554 2968 pedibus
578 2885 750 2969 exciperet.
785 2884 900 2968 Itaque
923 2894 1010 2950 stans
1032 2887 1094 2950 init
1116 2908 1257 2972 pugnam

355 2998 403 3074 et,
428 3012 467 3056 ne
492 2991 653 3055 circumiri
678 2997 801 3076 posset,
825 2992 952 3056 fortuna
972 2994 1168 3078 providerat.

185 3101 287 3185 Vogel
322 3100 422 3164 verba
456 3099 540 3162 init
574 3119 751 3183 pugnam
787 3099 1035 3184 interpretatur:
1073 3121 1107 3165 er
1137 3101 1258 3167 konnte

141 3209 280 3291 sogleich
322 3207 382 3270 mit
423 3207 495 3270 dem
530 3206 670 3292 Kampfe
702 3207 884 3291 beginnen,
927 3207 981 3270 sed
1016 3208 1055 3272 de
1088 3209 1258 3296 participio

140 3322 257 3378 stans
287 3313 369 3377 nihil
393 3314 488 3396 dicit,
511 3314 594 3396 quod
619 3314 699 3378 mihi
723 3315 881 3379 insertum
900 3314 1029 3378 videtur
1048 3316 1088 3378 ad
1112 3316 1258 3401 itaque

139 3420 376 3486 illustrandum.
1176 3424 1178 3427 ’

40 3719 41 3724 ¹
140 3636 199 3702 IX.
226 3641 254 3701 9.
282 3640 340 3703 19;
377 3637 531 3720 Dispersa
555 3635 665 3700 classis
683 3627 803 3723 partim
823 3637 857 3701 in
877 3638 1022 3722 praealta
1040 3659 1122 3720 aqua
1142 3639 1259 3723 stabat,

374 3766 438 3828 qua
457 3743 667 3808 subsederant
685 3743 804 3827 valles,
820 3745 982 3829 partimin
994 3744 1076 3808 vado
1088 3745 1258 3829 haerebat,

375 3858 547 3934 utcumque
582 3849 753 3934 inaequale
788 3848 893 3916 terrae
925 3850 1090 3936 fastigium
1125 3873 1258 3937 occupa-

378 3965 493 4024 verant
515 3957 631 4025 undae.

185 4065 444 4150 Quotiescunque
475 4067 561 4131 huno
587 4067 694 4130 locum
716 4066 881 4151 legebam,
905 4086 1032 4153 semper
1054 4067 1151 4130 verba
1181 4086 1258 4151 qua
