<?xml version="1.0" encoding="UTF-8"?>
<!DOCTYPE html PUBLIC "-//W3C//DTD XHTML 1.0 Transitional//EN"
    "http://www.w3.org/TR/xhtml1/DTD/xhtml1-transitional.dtd">
<html xmlns="http://www.w3.org/1999/xhtml" xml:lang="en" lang="en">
 <head>
  <title>
</title>
<meta http-equiv="Content-Type" content="text/html;charset=utf-8" />
  <meta name='ocr-system' content='tesseract 3.04.00' />
  <meta name='ocr-capabilities' content='ocr_page ocr_carea ocr_par ocr_line ocrx_word'/>
</head>
<body>
  <div class='ocr_page' id='page_1' title='image "./lectionescurtia00damsgoog_0007.png"; bbox 0 0 3034 4834; ppageno 0'>
   <div class='ocr_carea' id='block_1_1' title="bbox 209 2064 1332 2784">
    <p class='ocr_par' dir='ltr' id='par_1_1' title="bbox 209 2064 1332 2784">
     <span class='ocr_line' id='line_1_1' title="bbox 254 2064 1329 2165; baseline -0.005 -21"><span class='ocrx_word' id='word_1_1' title='bbox 254 2079 326 2144; x_wconf 90' lang='lat' dir='ltr'>Hac</span> <span class='ocrx_word' id='word_1_2' title='bbox 350 2100 414 2165; x_wconf 90' lang='lat' dir='ltr'>qua</span> <span class='ocrx_word' id='word_1_3' title='bbox 437 2078 576 2142; x_wconf 88' lang='lat' dir='ltr'>vivimus</span> <span class='ocrx_word' id='word_1_4' title='bbox 600 2064 706 2142; x_wconf 86' lang='lat' dir='ltr'>aetate</span> <span class='ocrx_word' id='word_1_5' title='bbox 731 2078 757 2142; x_wconf 92' lang='lat' dir='ltr'>si</span> <span class='ocrx_word' id='word_1_6' title='bbox 781 2078 855 2164; x_wconf 92' lang='lat' dir='ltr'>quis</span> <span class='ocrx_word' id='word_1_7' title='bbox 874 2081 930 2161; x_wconf 89' lang='lat' dir='ltr'>ca&#39;,</span> <span class='ocrx_word' id='word_1_8' title='bbox 950 2099 1033 2164; x_wconf 92' lang='lat' dir='ltr'>quae</span> <span class='ocrx_word' id='word_1_9' title='bbox 1052 2078 1137 2142; x_wconf 90' lang='lat' dir='ltr'>inter</span> <span class='ocrx_word' id='word_1_10' title='bbox 1155 2076 1329 2161; x_wconf 93' lang='lat' dir='ltr'>legendum</span> 
     </span>
     <span class='ocr_line' id='line_1_2' title="bbox 210 2165 1329 2271; baseline -0.004 -20"><span class='ocrx_word' id='word_1_11' title='bbox 210 2208 294 2251; x_wconf 89' lang='lat' dir='ltr'>nova</span> <span class='ocrx_word' id='word_1_12' title='bbox 325 2186 503 2271; x_wconf 89' lang='lat' dir='ltr'>eademque</span> <span class='ocrx_word' id='word_1_13' title='bbox 529 2165 709 2249; x_wconf 90' lang='lat' dir='ltr'>memoratu</span> <span class='ocrx_word' id='word_1_14' title='bbox 732 2185 829 2269; x_wconf 91' lang='lat' dir='ltr'>digna</span> <span class='ocrx_word' id='word_1_15' title='bbox 852 2185 1014 2249; x_wconf 86' lang='lat' dir='ltr'>invenisse</span> <span class='ocrx_word' id='word_1_16' title='bbox 1038 2185 1100 2249; x_wconf 92' lang='lat' dir='ltr'>sibi</span> <span class='ocrx_word' id='word_1_17' title='bbox 1123 2185 1275 2267; x_wconf 84' lang='lat' dir='ltr'>videtur,</span> <span class='ocrx_word' id='word_1_18' title='bbox 1294 2184 1329 2246; x_wconf 93' lang='lat' dir='ltr'>in</span> 
     </span>
     <span class='ocr_line' id='line_1_3' title="bbox 209 2291 1331 2358; baseline -0.002 -2"><span class='ocrx_word' id='word_1_19' title='bbox 209 2293 315 2358; x_wconf 90' lang='lat' dir='ltr'>lucem</span> <span class='ocrx_word' id='word_1_20' title='bbox 346 2293 492 2357; x_wconf 82' lang='lat' dir='ltr'>editurus</span> <span class='ocrx_word' id='word_1_21' title='bbox 524 2312 635 2356; x_wconf 86' lang='lat' dir='ltr'>cavere</span> <span class='ocrx_word' id='word_1_22' title='bbox 664 2291 772 2356; x_wconf 81' lang='lat' dir='ltr'><strong>studet</strong></span> <span class='ocrx_word' id='word_1_23' title='bbox 803 2313 843 2356; x_wconf 93' lang='lat' dir='ltr'>ne</span> <span class='ocrx_word' id='word_1_24' title='bbox 873 2292 959 2356; x_wconf 90' lang='lat' dir='ltr'>inter</span> <span class='ocrx_word' id='word_1_25' title='bbox 988 2292 1121 2356; x_wconf 85' lang='lat' dir='ltr'>inventa</span> <span class='ocrx_word' id='word_1_26' title='bbox 1144 2313 1201 2355; x_wconf 86' lang='lat' dir='ltr'>sua</span> <span class='ocrx_word' id='word_1_27' title='bbox 1223 2291 1331 2355; x_wconf 88' lang='lat' dir='ltr'>aliena</span> 
     </span>
     <span class='ocr_line' id='line_1_4' title="bbox 209 2399 1329 2486; baseline -0.002 -24"><span class='ocrx_word' id='word_1_28' title='bbox 209 2421 337 2486; x_wconf 92' lang='lat' dir='ltr'>quoque</span> <span class='ocrx_word' id='word_1_29' title='bbox 360 2399 533 2464; x_wconf 88' lang='lat' dir='ltr'>lectoribus</span> <span class='ocrx_word' id='word_1_30' title='bbox 556 2404 731 2484; x_wconf 81' lang='lat' dir='ltr'>proponat,</span> <span class='ocrx_word' id='word_1_31' title='bbox 755 2419 889 2483; x_wconf 88' lang='lat' dir='ltr'>magna,</span> <span class='ocrx_word' id='word_1_32' title='bbox 913 2399 1039 2481; x_wconf 89' lang='lat' dir='ltr'>hercle,</span> <span class='ocrx_word' id='word_1_33' title='bbox 1058 2399 1108 2461; x_wconf 92' lang='lat' dir='ltr'>illi</span> <span class='ocrx_word' id='word_1_34' title='bbox 1127 2399 1329 2462; x_wconf 86' lang='lat' dir='ltr'>voluminum</span> 
     </span>
     <span class='ocr_line' id='line_1_5' title="bbox 209 2504 1332 2592; baseline -0.002 -22"><span class='ocrx_word' id='word_1_35' title='bbox 209 2506 303 2592; x_wconf 91' lang='lat' dir='ltr'>copia</span> <span class='ocrx_word' id='word_1_36' title='bbox 334 2505 511 2570; x_wconf 88' lang='lat' dir='ltr'>evolvenda</span> <span class='ocrx_word' id='word_1_37' title='bbox 541 2512 638 2592; x_wconf 89' lang='lat' dir='ltr'>atque</span> <span class='ocrx_word' id='word_1_38' title='bbox 669 2505 901 2591; x_wconf 90' lang='lat' dir='ltr'>perscrutanda</span> <span class='ocrx_word' id='word_1_39' title='bbox 931 2511 989 2571; x_wconf 91' lang='lat' dir='ltr'>est.</span> <span class='ocrx_word' id='word_1_40' title='bbox 1023 2505 1164 2569; x_wconf 81' lang='lat' dir='ltr'>Tantum</span> <span class='ocrx_word' id='word_1_41' title='bbox 1191 2504 1332 2569; x_wconf 79' lang='lat' dir='ltr'>accrevit</span> 
     </span>
     <span class='ocr_line' id='line_1_6' title="bbox 210 2611 1331 2699; baseline -0.002 -22"><span class='ocrx_word' id='word_1_42' title='bbox 210 2613 426 2699; x_wconf 84' lang='lat' dir='ltr'>aocrcscitque</span> <span class='ocrx_word' id='word_1_43' title='bbox 457 2613 491 2676; x_wconf 94' lang='lat' dir='ltr'>in</span> <span class='ocrx_word' id='word_1_44' title='bbox 524 2611 592 2676; x_wconf 91' lang='lat' dir='ltr'>dies</span> <span class='ocrx_word' id='word_1_45' title='bbox 622 2611 662 2675; x_wconf 91' lang='lat' dir='ltr'>ad</span> <span class='ocrx_word' id='word_1_46' title='bbox 694 2613 848 2699; x_wconf 86' lang='lat' dir='ltr'>ploraque</span> <span class='ocrx_word' id='word_1_47' title='bbox 879 2618 1023 2677; x_wconf 88' lang='lat' dir='ltr'>veterum</span> <span class='ocrx_word' id='word_1_48' title='bbox 1051 2632 1149 2697; x_wconf 89' lang='lat' dir='ltr'>opera</span> <span class='ocrx_word' id='word_1_49' title='bbox 1172 2632 1331 2676; x_wconf 91' lang='lat' dir='ltr'>commcn-</span> 
     </span>
     <span class='ocr_line' id='line_1_7' title="bbox 211 2720 554 2784; baseline 0 -1"><span class='ocrx_word' id='word_1_50' title='bbox 211 2720 369 2783; x_wconf 88' lang='lat' dir='ltr'>tationum</span> <span class='ocrx_word' id='word_1_51' title='bbox 392 2740 554 2784; x_wconf 90' lang='lat' dir='ltr'>numerus.</span> 
     </span>
    </p>
   </div>
   <div class='ocr_carea' id='block_1_2' title="bbox 210 2826 1334 3551">
    <p class='ocr_par' dir='ltr' id='par_1_2' title="bbox 210 2826 1334 3551">
     <span class='ocr_line' id='line_1_8' title="bbox 255 2826 1330 2912; baseline -0.001 -22"><span class='ocrx_word' id='word_1_52' title='bbox 255 2827 344 2902; x_wconf 80' lang='lat' dir='ltr'>Quae</span> <span class='ocrx_word' id='word_1_53' title='bbox 374 2827 401 2891; x_wconf 91' lang='lat' dir='ltr'>si</span> <span class='ocrx_word' id='word_1_54' title='bbox 433 2827 580 2911; x_wconf 83' lang='lat' dir='ltr'>singulae</span> <span class='ocrx_word' id='word_1_55' title='bbox 610 2832 810 2911; x_wconf 78' lang='lat' dir='ltr'>prostarent,</span> <span class='ocrx_word' id='word_1_56' title='bbox 843 2827 958 2891; x_wconf 89' lang='lat' dir='ltr'>merito</span> <span class='ocrx_word' id='word_1_57' title='bbox 981 2826 1252 2911; x_wconf 84' lang='lat' dir='ltr'>perstringeretur</span> <span class='ocrx_word' id='word_1_58' title='bbox 1274 2826 1330 2912; x_wconf 92' lang='lat' dir='ltr'>qui</span> 
     </span>
     <span class='ocr_line' id='line_1_9' title="bbox 210 2933 1329 3019; baseline 0 -23"><span class='ocrx_word' id='word_1_59' title='bbox 210 2933 346 2998; x_wconf 90' lang='lat' dir='ltr'>aliorum</span> <span class='ocrx_word' id='word_1_60' title='bbox 378 2933 672 2998; x_wconf 86' lang='lat' dir='ltr'>animadversiones</span> <span class='ocrx_word' id='word_1_61' title='bbox 702 2933 742 2997; x_wconf 92' lang='lat' dir='ltr'>de</span> <span class='ocrx_word' id='word_1_62' title='bbox 774 2954 870 3018; x_wconf 91' lang='lat' dir='ltr'>opere</span> <span class='ocrx_word' id='word_1_63' title='bbox 902 2934 1011 3019; x_wconf 87' lang='lat' dir='ltr'>aliquo</span> <span class='ocrx_word' id='word_1_64' title='bbox 1034 2933 1085 2997; x_wconf 91' lang='lat' dir='ltr'>cui</span> <span class='ocrx_word' id='word_1_65' title='bbox 1109 2933 1178 3018; x_wconf 89' lang='lat' dir='ltr'>ipse</span> <span class='ocrx_word' id='word_1_66' title='bbox 1201 2953 1329 3018; x_wconf 87' lang='lat' dir='ltr'>operam</span> 
     </span>
     <span class='ocr_line' id='line_1_10' title="bbox 210 3039 1332 3125; baseline 0 -22"><span class='ocrx_word' id='word_1_67' title='bbox 210 3047 363 3124; x_wconf 87' lang='lat' dir='ltr'>navaret,</span> <span class='ocrx_word' id='word_1_68' title='bbox 395 3041 479 3104; x_wconf 93' lang='lat' dir='ltr'>ultro</span> <span class='ocrx_word' id='word_1_69' title='bbox 506 3040 713 3124; x_wconf 84' lang='lat' dir='ltr'>neglexisset.</span> <span class='ocrx_word' id='word_1_70' title='bbox 748 3040 811 3104; x_wconf 81' lang='lat' dir='ltr'>Sed</span> <span class='ocrx_word' id='word_1_71' title='bbox 834 3041 940 3104; x_wconf 91' lang='lat' dir='ltr'>latent</span> <span class='ocrx_word' id='word_1_72' title='bbox 962 3040 1136 3125; x_wconf 85' lang='lat' dir='ltr'>pleraeque</span> <span class='ocrx_word' id='word_1_73' title='bbox 1159 3040 1192 3102; x_wconf 94' lang='lat' dir='ltr'>in</span> <span class='ocrx_word' id='word_1_74' title='bbox 1216 3039 1332 3104; x_wconf 91' lang='lat' dir='ltr'>disser-</span> 
     </span>
     <span class='ocr_line' id='line_1_11' title="bbox 212 3129 1334 3232; baseline 0 -23"><span class='ocrx_word' id='word_1_75' title='bbox 212 3146 386 3210; x_wconf 87' lang='lat' dir='ltr'>tationibus</span> <span class='ocrx_word' id='word_1_76' title='bbox 419 3129 681 3231; x_wconf 86' lang='lat' dir='ltr'>inauguralibus,</span> <span class='ocrx_word' id='word_1_77' title='bbox 717 3146 752 3210; x_wconf 94' lang='lat' dir='ltr'>in</span> <span class='ocrx_word' id='word_1_78' title='bbox 786 3146 1027 3232; x_wconf 86' lang='lat' dir='ltr'>gymnasiorum</span> <span class='ocrx_word' id='word_1_79' title='bbox 1057 3146 1194 3229; x_wconf 81' lang='lat' dir='ltr'>libellis,</span> <span class='ocrx_word' id='word_1_80' title='bbox 1211 3147 1334 3231; x_wconf 20' lang='lat' dir='ltr'>,iacent</span> 
     </span>
     <span class='ocr_line' id='line_1_12' title="bbox 213 3252 1331 3336; baseline 0 -20"><span class='ocrx_word' id='word_1_81' title='bbox 213 3252 417 3317; x_wconf 76' lang='lat' dir='ltr'>absconditae</span> <span class='ocrx_word' id='word_1_82' title='bbox 440 3253 473 3316; x_wconf 92' lang='lat' dir='ltr'>in</span> <span class='ocrx_word' id='word_1_83' title='bbox 496 3253 734 3318; x_wconf 88' lang='lat' dir='ltr'>academiarum</span> <span class='ocrx_word' id='word_1_84' title='bbox 755 3253 1095 3336; x_wconf 91' lang='lat' dir='ltr'>commentationibus,</span> <span class='ocrx_word' id='word_1_85' title='bbox 1115 3253 1149 3316; x_wconf 92' lang='lat' dir='ltr'>in</span> <span class='ocrx_word' id='word_1_86' title='bbox 1169 3253 1331 3317; x_wconf 81' lang='lat' dir='ltr'>veteribus</span> 
     </span>
     <span class='ocr_line' id='line_1_13' title="bbox 210 3358 1332 3446; baseline 0 -22"><span class='ocrx_word' id='word_1_87' title='bbox 210 3358 418 3424; x_wconf 81' lang='lat' dir='ltr'>editionibus.</span> <span class='ocrx_word' id='word_1_88' title='bbox 436 3359 495 3438; x_wconf 51' lang='lat' dir='ltr'>,Sic</span> <span class='ocrx_word' id='word_1_89' title='bbox 526 3359 597 3424; x_wconf 85' lang='lat' dir='ltr'>fieri</span> <span class='ocrx_word' id='word_1_90' title='bbox 620 3365 725 3445; x_wconf 89' lang='lat' dir='ltr'>potest</span> <span class='ocrx_word' id='word_1_91' title='bbox 747 3366 785 3423; x_wconf 93' lang='lat' dir='ltr'>ut</span> <span class='ocrx_word' id='word_1_92' title='bbox 802 3360 923 3424; x_wconf 86' lang='lat' dir='ltr'>invitus</span> <span class='ocrx_word' id='word_1_93' title='bbox 943 3360 1102 3446; x_wconf 87' lang='lat' dir='ltr'>quispiam</span> <span class='ocrx_word' id='word_1_94' title='bbox 1122 3360 1163 3423; x_wconf 92' lang='lat' dir='ltr'>iis</span> <span class='ocrx_word' id='word_1_95' title='bbox 1181 3361 1237 3446; x_wconf 92' lang='lat' dir='ltr'>qui</span> <span class='ocrx_word' id='word_1_96' title='bbox 1257 3367 1332 3424; x_wconf 88' lang='lat' dir='ltr'>ante</span> 
     </span>
     <span class='ocr_line' id='line_1_14' title="bbox 212 3462 841 3551; baseline 0 -21"><span class='ocrx_word' id='word_1_97' title='bbox 212 3465 346 3530; x_wconf 89' lang='lat' dir='ltr'>fuerunt</span> <span class='ocrx_word' id='word_1_98' title='bbox 370 3465 494 3529; x_wconf 89' lang='lat' dir='ltr'>furtum</span> <span class='ocrx_word' id='word_1_99' title='bbox 516 3464 622 3530; x_wconf 84' lang='lat' dir='ltr'>facere</span> <span class='ocrx_word' id='word_1_100' title='bbox 645 3465 794 3533; x_wconf 80' lang='lat' dir='ltr'>videatur</span> <span class='ocrx_word' id='word_1_101' title='bbox 805 3462 841 3551; x_wconf 88' lang='lat'>¹).</span> 
     </span>
    </p>
   </div>
   <div class='ocr_carea' id='block_1_3' title="bbox 213 3684 1337 4089">
    <p class='ocr_par' dir='ltr' id='par_1_3' title="bbox 213 3684 1337 4089">
     <span class='ocr_line' id='line_1_15' title="bbox 247 3684 1333 3752; baseline 0.001 -16"><span class='ocrx_word' id='word_1_102' title='bbox 247 3687 267 3750; x_wconf 89' lang='lat' dir='ltr'>l)</span> <span class='ocrx_word' id='word_1_103' title='bbox 285 3685 374 3736; x_wconf 84' lang='lat' dir='ltr'>Veluti</span> <span class='ocrx_word' id='word_1_104' title='bbox 392 3691 418 3736; x_wconf 88' lang='lat' dir='ltr'>ot</span> <span class='ocrx_word' id='word_1_105' title='bbox 435 3685 499 3734; x_wconf 89' lang='lat' dir='ltr'>mihi</span> <span class='ocrx_word' id='word_1_106' title='bbox 515 3700 596 3750; x_wconf 83' lang='lat' dir='ltr'>nuper</span> <span class='ocrx_word' id='word_1_107' title='bbox 612 3684 718 3734; x_wconf 78' lang='lat' dir='ltr'>accidit:</span> <span class='ocrx_word' id='word_1_108' title='bbox 736 3684 937 3734; x_wconf 78' lang='lat' dir='ltr'>emendationem</span> <span class='ocrx_word' id='word_1_109' title='bbox 954 3701 1030 3748; x_wconf 75' lang='lat' dir='ltr'>quam</span> <span class='ocrx_word' id='word_1_110' title='bbox 1047 3685 1075 3734; x_wconf 91' lang='lat' dir='ltr'>in</span> <span class='ocrx_word' id='word_1_111' title='bbox 1088 3686 1217 3752; x_wconf 87' lang='lat' dir='ltr'>publicum</span> <span class='ocrx_word' id='word_1_112' title='bbox 1233 3687 1292 3738; x_wconf 89' lang='lat' dir='ltr'>dedi</span> <span class='ocrx_word' id='word_1_113' title='bbox 1306 3687 1333 3737; x_wconf 88' lang='lat' dir='ltr'>in</span> 
     </span>
     <span class='ocr_line' id='line_1_16' title="bbox 213 3768 1333 3837; baseline 0.001 -17"><span class='ocrx_word' id='word_1_114' title='bbox 213 3771 393 3837; x_wconf 79' lang='lat' dir='ltr'>Mnemosyncs</span> <span class='ocrx_word' id='word_1_115' title='bbox 416 3769 554 3820; x_wconf 82' lang='lat' dir='ltr'>Volumina</span> <span class='ocrx_word' id='word_1_116' title='bbox 579 3769 646 3819; x_wconf 86' lang='lat' dir='ltr'>XXI</span> <span class='ocrx_word' id='word_1_117' title='bbox 669 3786 694 3836; x_wconf 79' lang='lat' dir='ltr'>p.</span> <span class='ocrx_word' id='word_1_118' title='bbox 718 3772 768 3820; x_wconf 76' lang='lat'>215</span> <span class='ocrx_word' id='word_1_119' title='bbox 790 3769 823 3818; x_wconf 83' lang='lat' dir='ltr'>ad</span> <span class='ocrx_word' id='word_1_120' title='bbox 847 3769 907 3819; x_wconf 78' lang='lat' dir='ltr'>sul.</span> <span class='ocrx_word' id='word_1_121' title='bbox 931 3768 986 3821; x_wconf 73' lang='lat' dir='ltr'>cst.</span> <span class='ocrx_word' id='word_1_122' title='bbox 1003 3773 1026 3820; x_wconf 86' lang='lat'>3.</span> <span class='ocrx_word' id='word_1_123' title='bbox 1044 3772 1059 3819; x_wconf 79' lang='grc' dir='ltr'>ὅ</span> <span class='ocrx_word' id='word_1_124' title='bbox 1075 3771 1202 3820; x_wconf 83' lang='lat' dir='ltr'>Kritzium</span> <span class='ocrx_word' id='word_1_125' title='bbox 1218 3776 1276 3822; x_wconf 83' lang='lat' dir='ltr'>ante</span> <span class='ocrx_word' id='word_1_126' title='bbox 1293 3788 1333 3821; x_wconf 90' lang='lat' dir='ltr'>me</span> 
     </span>
     <span class='ocr_line' id='line_1_17' title="bbox 213 3854 1332 3920; baseline 0.004 -18"><span class='ocrx_word' id='word_1_127' title='bbox 213 3854 339 3904; x_wconf 84' lang='lat' dir='ltr'>invenisse</span> <span class='ocrx_word' id='word_1_128' title='bbox 361 3859 448 3920; x_wconf 79' lang='lat' dir='ltr'>postea</span> <span class='ocrx_word' id='word_1_129' title='bbox 472 3854 575 3920; x_wconf 85' lang='lat' dir='ltr'>cognovi</span> <span class='ocrx_word' id='word_1_130' title='bbox 592 3870 674 3917; x_wconf 89' lang='lat' dir='ltr'>neque</span> <span class='ocrx_word' id='word_1_131' title='bbox 691 3869 743 3902; x_wconf 92' lang='lat' dir='ltr'>non</span> <span class='ocrx_word' id='word_1_132' title='bbox 760 3869 861 3919; x_wconf 87' lang='lat' dir='ltr'>possum</span> <span class='ocrx_word' id='word_1_133' title='bbox 879 3854 966 3902; x_wconf 79' lang='lat' dir='ltr'>mirari</span> <span class='ocrx_word' id='word_1_134' title='bbox 983 3856 1168 3905; x_wconf 86' lang='lat' dir='ltr'>correctionem·</span> <span class='ocrx_word' id='word_1_135' title='bbox 1181 3861 1232 3905; x_wconf 81' lang='lat' dir='ltr'>tam</span> <span class='ocrx_word' id='word_1_136' title='bbox 1248 3873 1332 3906; x_wconf 82' lang='lat' dir='ltr'>ncces·</span> 
     </span>
     <span class='ocr_line' id='line_1_18' title="bbox 214 3938 1333 4005; baseline 0.002 -17"><span class='ocrx_word' id='word_1_137' title='bbox 214 3939 304 3988; x_wconf 78' lang='lat' dir='ltr'>sariam</span> <span class='ocrx_word' id='word_1_138' title='bbox 327 3939 359 3988; x_wconf 84' lang='lat' dir='ltr'>ab</span> <span class='ocrx_word' id='word_1_139' title='bbox 382 3939 522 3989; x_wconf 83' lang='lat' dir='ltr'>editoribus</span> <span class='ocrx_word' id='word_1_140' title='bbox 544 3939 656 3988; x_wconf 91' lang='lat' dir='ltr'>nondum</span> <span class='ocrx_word' id='word_1_141' title='bbox 682 3955 736 3987; x_wconf 80' lang='lat' dir='ltr'>erse</span> <span class='ocrx_word' id='word_1_142' title='bbox 759 3944 893 4005; x_wconf 81' lang='lat' dir='ltr'>receptam.</span> <span class='ocrx_word' id='word_1_143' title='bbox 919 3938 1045 3989; x_wconf 79' lang='lat' dir='ltr'>Iacturam</span> <span class='ocrx_word' id='word_1_144' title='bbox 1064 3956 1140 4004; x_wconf 80' lang='lat' dir='ltr'>quam</span> <span class='ocrx_word' id='word_1_145' title='bbox 1157 3940 1193 3990; x_wconf 88' lang='lat' dir='ltr'>sio</span> <span class='ocrx_word' id='word_1_146' title='bbox 1210 3957 1333 3990; x_wconf 85' lang='lat' dir='ltr'>commcn-</span> 
     </span>
     <span class='ocr_line' id='line_1_19' title="bbox 213 4022 1337 4089; baseline 0.001 -17"><span class='ocrx_word' id='word_1_147' title='bbox 213 4023 354 4072; x_wconf 80' lang='lat' dir='ltr'>tatiunoulu</span> <span class='ocrx_word' id='word_1_148' title='bbox 378 4039 434 4074; x_wconf 78' lang='lat' dir='ltr'>mes</span> <span class='ocrx_word' id='word_1_149' title='bbox 460 4022 533 4088; x_wconf 82' lang='lat' dir='ltr'>fecit,</span> <span class='ocrx_word' id='word_1_150' title='bbox 556 4038 621 4073; x_wconf 79' lang='lat' dir='ltr'>nova</span> <span class='ocrx_word' id='word_1_151' title='bbox 643 4022 818 4073; x_wconf 79' lang='lat' dir='ltr'>emendations</span> <span class='ocrx_word' id='word_1_152' title='bbox 843 4023 885 4072; x_wconf 91' lang='lat' dir='ltr'>hio</span> <span class='ocrx_word' id='word_1_153' title='bbox 908 4023 1021 4089; x_wconf 84' lang='lat' dir='ltr'>explebo.</span> <span class='ocrx_word' id='word_1_154' title='bbox 1052 4024 1116 4075; x_wconf 81' lang='lat' dir='ltr'>Sunt</span> <span class='ocrx_word' id='word_1_155' title='bbox 1139 4025 1201 4075; x_wconf 79' lang='lat' dir='ltr'>haec</span> <span class='ocrx_word' id='word_1_156' title='bbox 1222 4025 1249 4074; x_wconf 93' lang='lat' dir='ltr'>in</span> <span class='ocrx_word' id='word_1_157' title='bbox 1272 4026 1337 4076; x_wconf 80' lang='lat' dir='ltr'>Sall.</span> 
     </span>
    </p>
   </div>
   <div class='ocr_carea' id='block_1_4' title="bbox 131 4106 1334 4174">
    <p class='ocr_par' dir='ltr' id='par_1_4' title="bbox 131 4106 1334 4174">
     <span class='ocr_line' id='line_1_20' title="bbox 131 4106 1334 4174; baseline 0.002 -16"><span class='ocrx_word' id='word_1_158' title='bbox 131 4165 134 4172; x_wconf 45' lang='grc'>,</span> <span class='ocrx_word' id='word_1_159' title='bbox 214 4106 1334 4174; x_wconf 72' lang='lat' dir='ltr'>Gat.50.2=Cethegusautsmpernuntioslumilicmatquelibertos</span> 
     </span>
    </p>
   </div>
   <div class='ocr_carea' id='block_1_5' title="bbox 213 4192 1334 4261">
    <p class='ocr_par' dir='ltr' id='par_1_5' title="bbox 213 4192 1334 4261">
     <span class='ocr_line' id='line_1_21' title="bbox 213 4192 1334 4261; baseline 0.002 -17"><span class='ocrx_word' id='word_1_160' title='bbox 213 4209 301 4254; x_wconf 76' lang='lat' dir='ltr'>suos,</span> <span class='ocrx_word' id='word_1_161' title='bbox 332 4192 438 4242; x_wconf 82' lang='lat' dir='ltr'>lectos</span> <span class='ocrx_word' id='word_1_162' title='bbox 469 4199 499 4242; x_wconf 85' lang='lat' dir='ltr'>et</span> <span class='ocrx_word' id='word_1_163' title='bbox 531 4194 749 4259; x_wconf 77' lang='lat' dir='ltr'>exercitatos,</span> <span class='ocrx_word' id='word_1_164' title='bbox 774 4194 888 4245; x_wconf 77' lang='lat' dir='ltr'>orabat</span> <span class='ocrx_word' id='word_1_165' title='bbox 912 4194 947 4243; x_wconf 90' lang='lat' dir='ltr'>in</span> <span class='ocrx_word' id='word_1_166' title='bbox 971 4194 1154 4255; x_wconf 77' lang='lat' dir='ltr'>audaciam,</span> <span class='ocrx_word' id='word_1_167' title='bbox 1180 4200 1216 4244; x_wconf 91' lang='lat' dir='ltr'>ut</span> <span class='ocrx_word' id='word_1_168' title='bbox 1240 4212 1334 4261; x_wconf 84' lang='lat' dir='ltr'>grego</span> 
     </span>
    </p>
   </div>
   <div class='ocr_carea' id='block_1_6' title="bbox 502 4272 823 4417">
    <p class='ocr_par' dir='ltr' id='par_1_6' title="bbox 502 4272 823 4417">
     <span class='ocr_line' id='line_1_22' title="bbox 502 4272 823 4417; baseline -0.034 -44"><span class='ocrx_word' id='word_1_169' title='bbox 502 4408 506 4417; x_wconf 21' lang='grc' dir='ltr'>Ι</span> <span class='ocrx_word' id='word_1_170' title='bbox 602 4272 823 4373; x_wconf 75' lang='lat' dir='ltr'>erroro</span> 
     </span>
    </p>
   </div>
   <div class='ocr_carea' id='block_1_7' title="bbox 0 0 1530 4834">
    <p class='ocr_par' dir='ltr' id='par_1_7' title="bbox 0 0 1530 4834">
     <span class='ocr_line' id='line_1_23' title="bbox 0 0 1530 4834; baseline 0 0"><span class='ocrx_word' id='word_1_171' title='bbox 0 0 1530 4834; x_wconf 95' lang='lat' dir='ltr'> </span> 
     </span>
    </p>
   </div>
  </div>
 </body>
</html>
