3034 4834
822 233 861 298 16

282 429 567 496 subsederant
598 430 736 495 valles
766 430 982 515 suspicionem
1005 431 1087 496 mihi
1110 433 1298 496 movebant:
1337 438 1408 495 tam

283 538 362 601 mihi
386 537 537 601 videntur
560 536 779 620 intolerabilia
803 536 842 600 ob
862 537 919 600 illa
938 559 1021 620 quae
1041 545 1218 622 sequuntur
1248 544 1410 602 utcum-

282 665 359 728 que
373 694 380 708 .
395 694 424 709 ..
457 644 602 708 undae.
637 643 786 707 Fortasse
811 644 882 726 quis
901 644 1017 723 lector,
1040 646 1092 708 cui
1112 647 1169 711 Ov.
1192 646 1268 711 Met.
1292 649 1320 710 1.
1345 648 1411 708 43:

286 752 398 834 ,iussit
432 757 465 816 et
499 750 629 816 extendi
665 770 810 834 campos,
845 750 1009 815 subsidere
1043 751 1164 814 vallss'’
1196 754 1231 817 in
1261 760 1412 817 mentem

284 859 449 941 venirent,
472 859 507 921 in
531 857 677 940 margine
701 857 905 947 adnotavissc
928 879 967 922 oa
989 857 1151 944 putandus
1174 864 1232 923 est.

285 1607 348 1672 III.
375 1608 403 1672 1.
435 1607 489 1669 13:
510 1604 599 1668 Inter
629 1603 709 1666 haec
734 1603 835 1667 maria
859 1603 1121 1686 angustissimum
1144 1604 1243 1669 Asiae
1266 1607 1409 1690 spatium

509 1732 577 1776 esse
608 1709 825 1794 conperimus,
857 1716 993 1793 utroque
1023 1709 1058 1788 in
1090 1717 1178 1775 artas
1199 1711 1308 1776 fauces
1331 1733 1410 1776 con·

508 1818 651 1903 pellente
673 1823 803 1881 terram.
836 1816 925 1891 Quae
945 1817 1020 1900 quia
1039 1818 1217 1882 continenti
1235 1818 1410 1902 adhaeret,
1483 1764 1493 1931 l

510 1924 564 1988 sed
598 1943 715 2006 magna
738 1930 892 2009 exparte
916 1923 1054 2007 cingitur
1076 1925 1243 2009 fluctibus,
1267 1926 1410 2010 speciem
1492 1946 1495 2011 ¹,

508 2031 633 2094 insulae
653 2031 786 2115 praebet
804 2051 851 2113 ao,
871 2031 934 2094 nisi
955 2037 1052 2096 tenue
1071 2030 1244 2097 discrimen
1257 2033 1408 2114 obiceret,
1497 2096 1499 2115 ,

509 2158 591 2221 quae
615 2158 701 2201 nuno
725 2137 843 2201 dividit
865 2139 984 2222 maria,
1009 2140 1233 2204 committeret.

332 2247 378 2312 Ut
420 2247 485 2309 iarn
526 2244 628 2328 Vogel
664 2244 863 2326 observavit,
898 2252 1042 2309 contorta
1077 2247 1179 2309 oratio
1209 2254 1267 2311 est.
1309 2246 1409 2310 Terra

287 2355 385 2437 enim,
405 2354 438 2416 in
458 2358 544 2416 artas
562 2351 670 2415 fauces
691 2351 864 2435 compulsa,
885 2373 923 2416 eo
943 2357 1071 2415 tantum
1091 2353 1194 2417 maria
1209 2355 1409 2417 committere

287 2468 409 2547 potest,
441 2457 525 2544 quod
556 2479 620 2550 non
652 2466 700 2522 est
731 2459 783 2522 vel
815 2478 883 2522 esse
915 2457 1020 2522 desiit.
1063 2458 1144 2522 Onm
1171 2466 1279 2525 autem
1303 2460 1409 2524 verbis

289 2573 413 2632 tenue
446 2565 679 2629 discrimen
711 2565 781 2650 ipsa
811 2571 896 2630 terra
927 2565 1140 2648 significetur,
1173 2567 1285 2631 eadem
1308 2566 1409 2631 oratio

289 2682 338 2740 est
367 2695 404 2738 ac
436 2673 462 2736 si
493 2673 648 2756 scripturn
672 2678 771 2735 esset:
797 2680 883 2737 terra
907 2673 1010 2735 maria
1032 2674 1264 2756 committeret,
1289 2673 1352 2736 nisi
1376 2693 1409 2736 se

289 2783 359 2867 ipsa
381 2762 523 2846 obiceret
546 2779 566 2842 i.
581 2800 609 2843 e.
630 2779 693 2842 nisi
712 2798 777 2842 non
797 2779 1021 2844 committeret.
1046 2779 1138 2854 Quod
1158 2780 1331 2844 absurdum
1351 2787 1408 2843 est.

338 2887 528 2972 Legendum
552 2893 601 2949 est
623 2886 708 2949 nisi
733 2894 858 2950 tenue
882 2882 1114 2951 discrimen
1136 2887 1364 2951 obiaceret.

292 3102 356 3168 ΙΙΙ.
383 3103 413 3166 2.
440 3104 477 3165 9:
498 3101 583 3164 Nam
603 3100 793 3165 Bactrianos
813 3106 846 3164 et
864 3099 1043 3184 Sogdianos
1061 3106 1094 3163 et
1113 3099 1211 3163 Indos
1226 3106 1411 3184 ceterosque
1506 3088 1507 3091 ¹

489 3207 580 3271 rubri
611 3207 709 3270 maris
740 3208 881 3290 accolas,
913 3208 1024 3290 ignota
1055 3207 1153 3270 etiam
1180 3207 1243 3292 ipsi
1266 3208 1411 3291 gentium

492 3313 639 3396 nomina,
662 3313 828 3377 festinatio
851 3314 1044 3397 prohibebat
1067 3314 1174 3378 acciri.
1210 3319 1213 3322 ’

336 3423 447 3488 Facile
482 3427 616 3506 apparet
649 3420 757 3485 verbis
791 3421 1025 3504 ignota...
1060 3408 1229 3485 nomina
1264 3419 1410 3484 Curtium

293 3530 473 3615 significare
497 3528 637 3591 voluisse
659 3533 811 3611 gentes
833 3548 882 3591 ne
905 3528 1071 3592 nomine
1094 3528 1260 3611 quidem
1282 3533 1411 3591 notas.

293 3639 343 3704 De
363 3634 666 3722 pronominisipsi
686 3634 846 3719 scriptura
864 3635 949 3699 inter
967 3636 1053 3699 viros
1073 3635 1180 3698 doctos
1200 3655 1264 3697 non
1279 3640 1412 3698 constat.

294 3745 337 3809 M.
361 3743 507 3808 Schmidt
530 3741 726 3824 (Jahresber.
751 3744 835 3806 1882
856 3763 886 3827 p.
908 3743 985 3826 250)
1006 3748 1078 3826 post
1100 3742 1183 3826 ipsi
1207 3741 1413 3807 inserendum

295 3872 364 3916 esse
407 3849 532 3914 censuit
573 3848 679 3932 regi,
722 3847 763 3914 Α.
806 3848 947 3912 Eussner
985 3847 1117 3931 (Philol.
1153 3847 1297 3912 XXXII.
1335 3849 1413 3931 546)

296 3957 441 4023 Persis
465 3956 619 4038 coniecit,
643 3956 700 4018 alii
724 3956 832 4040 ipsis
855 3956 919 4039 legi
942 3956 1064 4019 iubent.
1326 4038 1328 4043 Ι

341 4065 408 4150 Ego
433 4064 467 4128 in
489 4064 572 4127 hanc
596 4063 808 4150 suspicionem
828 4062 927 4126 incidi
947 4084 1024 4126 num
1043 4062 1126 4127 forte
1145 4070 1256 4128 auctor
1276 4063 1414 4128 scribere
