3034 4834
774 283 816 346 22

229 475 288 542 IV.
314 479 343 542 2.
369 480 428 542 13:
452 477 550 564 idque
591 499 685 543 omen
722 479 756 543 in
791 478 1004 544 Macedonum
1038 480 1206 545 interitum
1241 485 1345 544 verte·

452 592 530 649 runt
552 586 652 672 Tyrii.

274 691 506 770 Interitum
537 693 640 778 Vogel
671 694 798 779 scripsit
828 694 1030 759 adsentiente
1061 693 1346 778 A.Hugio(1nd.

230 799 315 863 Phil.
345 801 439 864 1871.
461 823 491 885 p.
519 801 595 884 172)
618 822 674 885 pro
698 801 843 864 codicum
868 823 941 866 mss.
966 808 1127 865 metum.
1151 801 1198 865 At
1221 801 1347 884 vulgari

230 906 361 970 lectioni
403 907 540 970 similius
584 907 709 972 videtur
746 909 929 992 malum,
965 908 1050 993 quod
1084 908 1168 993 apud
1204 914 1348 971 nostrum

230 1013 380 1098 frequens
410 1015 611 1079 substantive
643 1015 784 1100 positum
815 1023 880 1098 est,
912 1022 948 1079 ut
971 1014 1065 1081 VIII.
1093 1017 1143 1079 14.
1169 1018 1205 1078 7:
1229 1036 1348 1099 anceps

229 1119 262 1183 id
294 1121 415 1184 malum
446 1123 589 1208 utrisque
621 1129 704 1205 erat,
732 1123 775 1187 X.
800 1125 830 1187 2.
856 1125 915 1187 20:
940 1124 1050 1188 subest
1073 1123 1226 1199 nimirum
1250 1123 1348 1186 altius

230 1226 370 1310 malum,
390 1229 473 1313 quod
494 1249 605 1293 omnes
624 1229 741 1292 avertit
759 1251 779 1292 a
799 1249 867 1312 me,
887 1230 929 1296 X.
952 1233 980 1295 5.
998 1230 1185 1295 18:deinde
1197 1249 1347 1314 magnam

230 1341 355 1420 partem
378 1335 477 1399 Asiae
501 1335 579 1399 mali
602 1335 690 1400 fama
713 1341 906 1420 pervaserat.

231 1547 290 1614 IV.
317 1551 346 1614 3.
375 1550 432 1612 12:
456 1549 524 1613 Nec
555 1549 665 1634 Tyrii,
696 1569 893 1633 quamquam
916 1549 1050 1613 classem
1074 1551 1254 1632 habebant,
1278 1549 1348 1614 ausi

453 1657 567 1720 navale
599 1657 683 1719 inire
716 1661 897 1719 certamen:
929 1656 988 1718 tris
1019 1656 1148 1718 omnino
1180 1661 1256 1719 ante
1278 1657 1350 1740 ipsa

453 1765 580 1828 moenia
610 1769 845 1848 opposuerunt,
869 1763 986 1848 quibus
1008 1783 1067 1826 rex
1091 1762 1237 1825 invectus
1260 1761 1348 1824 ictu

453 1871 522 1954 ipso
547 1870 709 1951 demersit.

276 1978 370 2041 Ictu
411 1977 504 2062 ipso
539 1999 558 2040 a
592 1977 728 2060 Vogelio
763 1979 903 2062 positum
938 1981 987 2041 est
1020 1998 1079 2062 pro
1113 1977 1227 2062 ipsas
1263 1974 1348 2060 quod

233 2083 354 2148 habant
384 2084 510 2148 codices
540 2106 614 2148 mss.
638 2085 798 2149 Prohazel
810 2082 833 2162 ¹)
857 2106 1029 2170 prorsus
1053 2084 1190 2149 coniecit
1211 2083 1349 2147 afferens

232 2191 327 2255 Diod.
365 2193 415 2256 17.
451 2193 511 2254 43:
547 2187 756 2272 Ἀλέξανδρος
791 2188 977 2259 ἐπιπλώσας
1010 2193 1122 2258 αὐταῖς
1157 2191 1208 2250 καὶ
1245 2189 1350 2257 πάσας

233 2298 412 2378 συντρίψας
448 2295 635 2378 ἐπανῆλθεν.
676 2297 836 2380 Equidem
874 2299 914 2362 ad
950 2299 1085 2363 verbum
1121 2296 1350 2360 demersit

232 2425 328 2488 aegre
349 2405 508 2468 obiectum
527 2404 673 2468 desidero
693 2404 779 2490 quod
802 2405 999 2488 inpulsas
1021 2405 1119 2467 fuisse
1131 2410 1219 2490 pute.
1239 2402 1350 2467 Facile

231 2511 265 2574 id
301 2512 434 2576 verbum
469 2512 502 2574 in
536 2513 651 2597 ipsas
683 2511 800 2575 abiisse
831 2512 953 2596 potuit,
984 2511 1068 2598 quod
1099 2511 1178 2574 Foss
1208 2509 1350 2574 restituit

231 2618 290 2683 IV.
322 2619 352 2684 4.
385 2621 422 2683 8:
453 2619 594 2682 triremis
598 2667 693 2685 .....
716 2618 749 2681 in
777 2639 848 2682 eam
871 2619 992 2703 ipsam,
1017 2639 1100 2704 quae
1124 2616 1349 2704 quinqueremi

231 2725 427 2808 inminebat,
458 2731 547 2788 tanta
577 2726 609 2788 vi
641 2726 814 2811 inpulsa
844 2730 923 2808 est,
953 2726 1097 2810 itemque
1128 2725 1267 2789 occurrit
1289 2723 1348 2788 IV.

232 2835 262 2898 4.
298 2836 355 2897 11:
386 2831 540 2918 quosdam
563 2833 661 2896 etiam
685 2833 863 2897 comminus
884 2832 992 2916 gladio
1015 2833 1182 2918 clipeoque
1205 2831 1350 2917 inpulsos

232 2939 467 3026 praecipitavit.

232 3154 290 3220 IV.
316 3156 346 3219 4.
371 3156 408 3219 5:
433 3154 590 3238 Laetique
621 3156 727 3218 omine
759 3176 796 3219 10
828 3155 868 3219 ad
900 3154 1012 3239 epulas
1034 3153 1151 3239 dilapsi
1175 3173 1350 3237 oneravere

434 3282 467 3325 se
497 3262 590 3344 vino,
623 3283 686 3347 quo
717 3283 832 3344 gruum
861 3269 929 3324 orto
959 3261 1024 3325 sole
1047 3261 1178 3345 navigia
1201 3281 1350 3325 101111111-
1392 3292 1395 3297 >

433 3368 514 3431 dunt
535 3369 686 3432 redimita
710 3369 842 3433 floribus
865 3368 1068 3450 coronisque:
1093 3368 1172 3432 adeo
1196 3367 1350 3433 uictoriae

433 3495 497 3537 non
529 3495 622 3538 omen
650 3475 760 3558 modo,
785 3475 840 3538 sed
865 3476 963 3540 etiam
986 3476 1235 3558 gratulationem
1259 3495 1351 3560 prae·

432 3587 594 3666 ceperant.

277 3688 451 3773 Nunquam
492 3688 598 3751 locum
641 3689 772 3772 perlego
815 3689 894 3773 quin
936 3689 1087 3753 haeream
1125 3689 1158 3751 in
1194 3689 1350 3753 vocabulo

233 3815 358 3860 omen.
394 3795 498 3860 Omen
523 3795 609 3859 enim
629 3816 693 3858 11011
713 3795 805 3880 'Pyrii
825 3796 919 3860 modo
938 3795 993 3860 sed
1013 3795 1205 3860 Macedones
1222 3815 1350 3881 quoque

269 4052 291 4117 ¹)
310 4051 340 4100 P.
363 4051 498 4115 Prohazel,
522 4052 554 4113 Q.
578 4051 661 4100 Curtii
683 4051 744 4100 Rufi
766 4052 882 4101 codicum
900 4053 1034 4102 memoriae
1051 4023 1223 4104 emendandus
1240 4055 1307 4120 leges
1324 4059 1350 4103 ot

232 4141 407 4205 proponuntur
423 4141 449 4186 ct
465 4137 624 4187 adhibentur.
643 4135 686 4186 Pr.
705 4137 786 4202 Sagen
803 4140 876 4189 1890.
