3034 4834
740 274 780 342 13

197 475 359 559 profectae
383 474 465 557 sint,
490 475 581 540 nulla
604 476 703 560 possit
725 496 795 540 esse
819 475 986 541 dubitatio.
1022 473 1125 560 Vogel
1148 477 1204 552 l.l.
1229 473 1315 540 haud

197 603 299 666 pauca
318 582 474 645 eiusmodi
495 583 645 667 exempla
657 583 868 646 enumeravit.
901 583 1014 666 Neque
1034 588 1144 647 tamen
1157 583 1317 647 dubitavit
1347 639 1351 647 ,

198 689 247 751 vir
283 689 411 770 doctus,
445 696 481 752 ut
515 711 574 773 par
608 697 672 774 est,
707 690 874 753 enuntiata
906 690 1082 776 quaedam,
1113 711 1195 772 quae
1225 691 1316 753 nullo

199 795 292 859 modo
322 795 453 859 tolerari
483 817 574 880 posse
604 802 749 882 putaret,
781 796 909 860 uncinis
932 796 1108 860 includere.
1143 797 1267 870 Quibus
1289 797 1316 860 si

200 902 355 964 nonnulla
378 902 505 966 adicere
530 903 646 986 velim,
670 903 737 967 noli
761 924 812 967 me
836 910 950 988 putare
972 903 1175 967 audaciorem
1198 903 1318 988 quippe

198 1009 253 1090 qui
276 997 353 1094 post'
369 1009 447 1072 satis
470 1010 600 1093 longam
626 1010 891 1094 ponderationem
912 1009 1024 1073 (lurtio
1043 1030 1082 1074 ea
1102 1008 1318 1074 abiudicanda

199 1135 267 1178 esse
291 1135 448 1180 censeam.
1305 1134 1306 1137 ’

198 1293 256 1359 IV.
283 1298 311 1359 9.
338 1298 374 1358 6:
408 1294 479 1359 Hoc
513 1295 547 1374 (i.
573 1315 600 1358 e.
637 1302 674 1358 ut
708 1316 805 1381 supra
834 1295 1003 1380 descripsi)
1038 1291 1132 1359 modo
1162 1296 1318 1360 instructo

410 1401 554 1465 exercitu
588 1423 624 1466 ac
658 1408 840 1486 perarmato
874 1402 1041 1488 Babylone
1071 1401 1179 1487 copias
1208 1403 1318 1466 movit.

410 1510 442 1596 A
484 1515 576 1594 parte
619 1509 735 1572 dextra
770 1515 838 1572 erat
871 1509 994 1592 Tigris,
1032 1506 1151 1573 nobilis
1184 1509 1319 1593 fluvius,

409 1616 535 1680 laevam
558 1617 688 1700 tegebat
712 1616 910 1700 Euphrates,
934 1637 1050 1700 agmen
1070 1616 1319 1701 Mesopotamiae

410 1743 537 1808 campos
561 1723 751 1808 inpleverat.
784 1737 786 1739 ’

244 1831 331 1896 Num
366 1850 508 1911 unquam
544 1829 746 1893 manifestius
782 1829 983 1893 emblematis
1013 1830 1173 1914 specimen
1210 1831 1319 1894 vidisti
1381 1848 1383 1851 ·

200 1957 296 2019 quam
320 1935 419 1998 verba
449 1956 594 2019 agmen
627 1935 958 2022 Mesopotamiae
992 1953 1157 2022 campos
1185 1938 1320 2023 inple·

201 2041 343 2106 veratl
376 2041 563 2125 Releganda
594 2049 668 2106 sunt
699 2043 732 2106 in
764 2043 961 2126 marginem,
984 2043 1043 2127 ubi
1064 2044 1181 2108 sciolus
1203 2045 1320 2128 aliquis

201 2149 277 2212 olim
313 2147 351 2213 ea
380 2148 548 2234 adscripsit
578 2169 682 2231 neque
712 2149 883 2235 adscripsit
913 2149 953 2214 ad
977 2149 1090 2215 eadem
1121 2151 1206 2233 fere,
1237 2171 1319 2234 quae

202 2261 276 2319 sunt
306 2255 340 2319 in
372 2254 407 2320 0.
442 2257 491 2320 10.
526 2259 562 2320 8:
604 2256 730 2320 Rex...
763 2262 868 2320 castra
897 2257 1015 2320 movit:
1051 2257 1165 2321 dextra
1195 2257 1320 2340 Tigrim

201 2363 358 2445 habebat,
382 2385 401 2427 a
425 2364 517 2428 laeva
539 2370 664 2428 montes
687 2385 766 2446 quos
788 2363 973 2448 Gordyaeos
995 2371 1120 2428 vocant.

200 2542 258 2607 IV.
286 2545 335 2607 12.
361 2545 421 2606 23:
445 2548 477 2605 et
498 2542 690 2606 Macedones
713 2542 782 2606 sive
804 2542 969 2607 alacritate
993 2543 1060 2623 sive
1081 2543 1186 2607 taedio
1205 2564 1321 2630 expec-

446 2650 575 2713 tationis
616 2650 783 2733 ingentem
821 2651 1034 2734 pugnantium
1069 2671 1157 2714 more
1191 2651 1321 2720 edidere

446 2757 627 2820 clamorem.
657 2757 818 2820 Redditus
840 2763 872 2820 et
891 2779 910 2820 a
928 2758 1036 2822 Persis
1056 2778 1187 2822 nemora
1206 2758 1321 2821 valles-

447 2884 510 2946 que.
532 2863 753 2927 circumiectas
777 2864 916 2928 terribili
940 2885 1016 2928 sono
1040 2865 1232 2949 inpleverat.

246 2973 334 3036 Num
368 2971 537 3054 quisquam
572 2969 809 3054 ineptissimum
845 2970 1005 3034 emblema
1039 2972 1320 3056 pugnantium

203 3099 313 3143 more
355 3077 561 3142 retinendum
603 3076 783 3142 iudicabit?
825 3077 1027 3160 Quamquam
1061 3078 1223 3142 neminem
1257 3100 1323 3142 non

204 3205 328 3249 mecum
348 3184 511 3248 facturum
532 3183 670 3248 arbitror
687 3184 785 3248 verba
797 3184 858 3248 ista
871 3185 1081 3268 expungenti,
1093 3205 1204 3270 parem
1216 3186 1322 3248 locum

203 3292 319 3356 addam
351 3312 393 3355 ex
426 3290 488 3355 ΙΙΙ.
520 3293 569 3355 10.
597 3293 632 3354 l:
664 3312 755 3372 „cum
779 3291 901 3375 priores
923 3292 1041 3356 Persae
1064 3292 1265 3356 inconditum
1290 3298 1322 3356 et

203 3407 323 3464 trucem
348 3398 507 3462 sustulere
530 3399 712 3461 clamorem.
748 3396 908 3461 Redditur
932 3404 965 3461 et
987 3420 1006 3461 a
1025 3398 1320 3467 Macedonibus...

202 3507 286 3591 iugis
316 3505 475 3570 montium
506 3505 668 3588 vastisque
700 3504 835 3568 saltibus
866 3507 1103 3589 repe1·oussus'’.
1138 3505 1252 3589 Neque
1274 3504 1348 3568 ibi.

201 3615 326 3698 puerile
350 3613 605 3678 additamentum
629 3611 759 3694 legitur.
864 3614 866 3617 ’

203 3791 242 3856 V.
268 3793 297 3856 4.
325 3795 381 3856 16:
417 3791 467 3855 sin
491 3796 600 3854 autem
623 3789 692 3874 ipse
712 3790 834 3852 hostem
854 3789 1023 3853 fefellisset
1041 3796 1074 3854 et
1092 3789 1211 3854 saltum
1229 3811 1321 3854 occu·

423 3903 546 3983 passet,
571 3917 643 3959 cum
667 3895 899 3980 trepidantium
918 3895 1125 3960 barbarorum
1145 3898 1320 3961 tumultum

424 4005 623 4084 exaudisset,
668 4024 863 4088 persequens
900 4010 970 4066 tum
1003 4024 1111 4087 regem
1146 4005 1179 4069 id
1214 4005 1320 4089 ipsum

423 4112 526 4176 iter..
542 4160 549 4176 .
565 4163 571 4179 .
595 4131 637 4175 ne
660 4110 822 4175 dubitaret
844 4109 981 4195 ingredi.
