3034 4834
775 285 817 352 30

237 481 297 551 IX.
324 486 353 548 2.
379 486 438 547 23:
462 483 566 548 Testis
581 483 739 548 adversus
758 485 1002 550 multitudinem
1022 486 1134 550 invicti
1147 485 1357 550 Macedonum

420 677 423 685 Ι
459 591 582 655 roboris
602 590 762 654 Granicus
782 592 887 654 amnis
906 599 939 656 et
950 591 1064 656 Cilicia
1076 593 1234 657 inundata
1246 613 1358 656 cruore

439 699 633 762 ·Persarum
665 695 866 780 etArbela,
901 699 991 762 cuius
1023 701 1127 785 campi
1159 699 1357 764 devictorum

460 784 482 868 a
502 805 594 868 nobis
618 804 742 868 ossibus
766 805 856 868 strati
880 811 964 869 sunt.

283 911 365 976 Oum
395 911 437 975 sit
466 912 625 976 Arbela
658 933 785 996 semper
815 917 848 974 et
878 912 1116 998 ubique.apud
1147 920 1291 976 nostrum
1321 913 1358 976 in

237 1019 355 1103 plurali
385 1039 517 1082 numero
548 1018 695 1082 neutrius
724 1019 852 1101 generis
882 1019 1039 1104 positum,
1070 1020 1176 1084 locum
1208 1020 1293 1084 inter
1324 1040 1358 1084 se

238 1131 364 1189 mutent
398 1124 792 1190 Cilicia—Arbela.
835 1126 954 1210 Aptius
989 1146 1114 1211 quoque
1149 1126 1188 1189 de
1223 1125 1357 1190 Oiliciae

237 1232 378 1316 regionis
400 1253 497 1316 quam
522 1231 562 1296 de
586 1232 781 1298 Arbelorum
806 1232 916 1319 oppidi
939 1233 1098 1318 campis
1122 1232 1247 1297 dicitur.

237 1444 297 1509 IX.
324 1447 374 1509 10.
400 1447 459 1508 22:
484 1443 565 1509 Oum
605 1445 681 1509 inde
717 1445 890 1531 praefecti,
926 1447 1009 1510 siout
1042 1447 1236 1532 imperatum
1271 1451 1356 1530 erat,

482 1572 653 1638 equorum,
674 1553 970 1638 iumentorumque
990 1553 1148 1636 iugalium
1167 1554 1233 1616 vim
1245 1553 1357 1636 ingen·

481 1665 548 1722 tem
571 1681 612 1722 ex
635 1659 740 1742 omni,
765 1681 848 1745 quae
872 1660 930 1723 sub
954 1660 1091 1744 imperio
1115 1667 1200 1742 erat,
1225 1661 1357 1744 regione

481 1766 664 1848 misissent,

282 1873 411 1938 Arriam
444 1872 502 1937 VI.
536 1874 588 1937 27.
614 1875 632 1936 6
658 1869 793 1952 κάμηλοι
819 1876 872 1934 καὶ
892 1855 1044 1949 ὑποζύγια
1068 1874 1213 1936 nominat
1231 1881 1264 1937 et
1286 1873 1357 1937 iure

238 1981 340 2064 Vogel
365 1980 575 2064 iugalium
599 1979 639 2042 ad
662 1980 945 2043 iumentorum
969 1980 1109 2064 positum
1132 1981 1278 2044 miratur.

283 2087 417 2152 Oollatis
436 2087 524 2150 hisce
545 2108 627 2171 qnae
647 2087 743 2171 paulo
764 2087 910 2171 superius
927 2087 958 2170 (ἕ
973 2088 1027 2170 17)
1040 2087 1207 2170 leguntur:
1225 2087 1356 2168 ,Rex...

238 2194 343 2276 misit,
376 2194 432 2279 qni
462 2194 613 2259 iuberent
642 2194 775 2258 camelis
797 2199 886 2258 cocta
909 2193 1029 2257 cibaria
1053 2194 1190 2277 adferri,
1213 2194 1358 2279 aliosque

238 2301 451 2364 finitimarum
480 2301 647 2384 regionum
680 2300 859 2384 praefectos
883 2301 1034 2364 certiores
1058 2301 1258 2365 necessitatis
1282 2321 1359 2364 suae

236 2406 351 2491 fecit,’'
395 2427 452 2492 pro
494 2407 908 2490 iumentorumque
951 2408 1059 2490 legere
1102 2407 1210 2470 nullus
1246 2406 1358 2470 dubito

238 2515 589 2598 camelorumque.
634 2513 686 2578 Sic
719 2519 751 2576 et
781 2514 991 2597 iugalium
1022 2515 1088 2578 vim
1111 2535 1201 2577 suam
1225 2514 1358 2578 obtinet.

241 2727 301 2792 IX.
329 2730 378 2793 10.
405 2729 464 2791 24:
489 2726 609 2810 Igitur,
633 2733 669 2790 ut
693 2748 789 2812 supra
812 2726 934 2790 dictum
957 2733 1023 2810 est,
1047 2727 1228 2791 aemulatus
1251 2726 1359 2790 Patris

463 2830 595 2898 ‘Liberi
638 2854 701 2896 non
744 2834 881 2918 gloriam
924 2835 1044 2916 solnm,
1087 2855 1183 2918 quam
1218 2855 1260 2898 ex
1292 2833 1359 2896 illis

484 2940 634 3025 gentibus
663 2941 903 3026 deportaverat,
928 2941 983 3005 sed
1007 2941 1106 3005 etiam
1129 2941 1267 3023 famam,
1291 2940 1359 3004 sive

484 3048 565 3111 illud
594 3047 775 3132 triumphus
800 3047 863 3110 fuit
885 3048 926 3111 ab
950 3069 986 3111 eo
1010 3048 1152 3133 primum
1173 3048 1357 3120 institutus,

483 3154 550 3217 sive
578 3155 805 3218 bacchantium
827 3155 934 3236 lusus,
959 3155 1071 3218 statuit
1093 3155 1225 3218 imitari.

285 3262 428 3330 Scheffer
451 3263 599 3325 famam
623 3262 657 3324 in
680 3261 890 3325 insaniam
913 3267 1039 3326 mutare
1063 3261 1182 3344 voluit,
1202 3261 1357 3344 Meiser1)

240 3373 275 3436 in
310 3391 513 3456 pompam,
548 3368 650 3432 fretus
684 3369 724 3431 iis
759 3389 842 3452 quae
878 3368 1007 3433 Arrian.
1044 3368 1102 3432 VI.
1140 3371 1181 3433 28
1214 3367 1359 3433 tradidit.

241 3478 400 3562 Equidem
430 3476 603 3560 legendum
635 3496 703 3538 esse
733 3482 811 3560 puto
841 3476 1012 3558 festum,
1044 3497 1107 3560 quo
1134 3481 1261 3560 recepto
1285 3473 1359 3537 vide

241 3607 338 3670 quam
360 3585 443 3648 bene
466 3604 504 3646 ea
527 3603 609 3666 quae
628 3589 805 3666 sequuntur
826 3583 929 3666 (sive
948 3583 1060 3646 illud
1081 3584 1155 3665 etc.)
1176 3581 1358 3666 procedant.

241 3800 283 3865 X.
311 3801 338 3864 1.
361 3801 419 3862 36:
444 3794 582 3881 (Bagoas
621 3796 733 3882 spado)
769 3796 987 3861 concitaverat
1020 3795 1085 3859 iam
1119 3794 1264 3859 animum
1300 3795 1358 3882 (sc.

244 3960 455 3971 ...-.-.---

278 4057 298 4117 ¹)
315 4052 544 4120 Sitzungsberichte
567 4053 611 4100 der
627 4051 729 4116 Kdnigl.
746 4051 830 4117 boyer.
855 4052 938 4102 Akad.
955 4051 1000 4100 der
1017 4050 1095 4101 Wiss.
1116 4054 1187 4104 1887.
1205 4067 1229 4117 p.
1248 4054 1295 4115 32,
1314 4049 1360 4099 ubi

243 4141 275 4194 de
295 4141 342 4192 hoc
359 4141 413 4190 loco
430 4139 511 4188 fusius
527 4136 674 4204 disputavit.
