3034 4834
714 275 754 340 17

170 475 326 562 potuisset
345 474 385 558 10
395 495 453 555 sa,
473 472 519 536 ita
531 478 567 536 00
586 473 713 536 etiam
732 475 877 557 ipsa:
890 473 942 533 καὶ
956 474 1048 535 αὐτά.
1062 474 1286 540 000100000οω

170 604 275 648 meam
310 580 390 670 mihi
424 580 572 665 probavit
606 579 646 646 V.
683 583 712 645 4.
749 581 786 643 8:
821 579 1044 663 inminentque
1078 583 1193 666 collos,
1224 584 1287 669 ipsi

169 708 294 774 quoque
318 687 485 752 frondibus
508 686 602 769 laeti,
624 685 748 750 radices
772 706 882 750 corum
906 687 1039 751 humore
1063 689 1230 754 subeunte.

170 901 232 966 IH.
257 903 287 968 2.
314 903 371 966 15:
392 900 549 984 Fatigatis
580 901 698 964 humus
728 900 834 964 cubile
857 907 922 984 est,
940 901 1054 984 cibus,
1078 923 1173 985 quem
1196 924 1287 968 occu·

390 1013 526 1093 parunt,
568 1007 680 1088 satiat,
724 1012 867 1091 tempora
902 1007 1005 1070 somni
1039 1007 1158 1073 artiora
1191 1030 1287 1092 quam

393 1111 495 1178 noctis
511 1117 603 1181 sunt.
673 1133 675 1138 ·

85 1269 87 1272 ψ
201 1201 346 1286 'codices
377 1241 451 1283 mss.
484 1218 682 1304 occupati
712 1224 881 1305 parant,
912 1219 1040 1284 Froben
1071 1227 1287 1306 occupant.

213 1327 318 1411 Vogel
336 1324 502 1390 adnotavit
521 1323 562 1390 ad
581 1345 698 1409 quem
719 1321 1076 1411 occuparuntzot
1090 1325 1129 1388 dr
1142 1328 1287 1410 τύχωσιν,

170 1440 202 1498 00
232 1438 281 1497 000
310 1451 387 1496 0000
417 1452 455 1496 00
486 1452 568 1515 quae
599 1431 775 1515 requiritur
804 1432 965 1497 sententia
995 1454 1055 1498 neo
1086 1439 1194 1499 tamen
1222 1455 1287 1498 uno

169 1537 265 1604 verbo
289 1543 550 1623 occuparunt
572 1538 677 1602 datur.

213 1643 260 1710 Et·
274 1645 314 1708 ad
333 1645 542 1709 obtinendum
562 1666 701 1727 sensum,
721 1640 777 1728 qui
798 1645 1008 1730 desideratur,
1030 1641 1065 1708 οὗ
1086 1646 1124 1709 ἂν
1142 1648 1286 1730 τύχωσιν,

169 1757 200 1816 00
218 1758 347 1837 0000000
365 1752 547 1816 litterarum
567 1752 816 1824 similitudinem
831 1753 1036 1817 scribendum
1047 1775 1116 1818 esse
1128 1754 1287 1839 suspicor:

168 1879 285 1942 quem
316 1879 521 1944 00000000
552 1864 737 1944 possunt.
771 1858 819 1924 cf.
851 1859 911 1926 IV.
937 1863 965 1925 1.
991 1861 1287 1925 27:0umini110

168 1970 382 2028 staturarum
406 1965 439 2028 id
463 1985 639 2049 quemque,
663 1965 748 2050 quod
768 1973 970 2052 occupasset,
994 1967 1182 2033 habiturum
1201 1950 1299 2033 arbi?

168 2077 325 2154 traretur,
357 2076 389 2136 et
420 2070 478 2138 VI.
504 2074 533 2136 2.
559 2074 596 2136 3:
632 2073 805 2156 solitosque
834 2095 930 2161 00000
960 2096 997 2139 ac
1028 2076 1166 2161 parabili
1198 2075 1286 2140 rictu

82 2209 84 2213 ·
162 2175 208 2242 'ad
232 2178 386 2264 inplenda
409 2184 544 2244 naturae
568 2179 728 2245 desideria
752 2180 895 2268 defungi.
1004 2236 1006 2239 .

101 2424 103 2429 ·
149 2393 229 2458 III.
254 2396 283 2458 3.
311 2396 346 2456 l:
381 2393 433 2457 oui
457 2401 663 2479 praeceptum
686 2400 736 2458 est
758 2416 777 2458 a
796 2415 890 2479 rege,
915 2401 951 2458 ut
970 2416 1080 2458 omnes
1098 2395 1284 2480 peregrinos

381 2501 518 2584 milites,
542 2501 576 2563 in
597 2501 667 2583 quis
686 2501 863 2586 plurimum
882 2502 1022 2566 habebat
1039 2503 1125 2588 spei,
1145 2524 1163 2566 0
1183 2503 1285 2567 Phar·

382 2608 502 2672 nabano
534 2608 710 2697 acciperet:
741 2630 839 2694 opera
872 2630 981 2674 eorum
1017 2630 1150 2673 usurum
1185 2631 1219 2674 se
1250 2610 1285 2674 in
1332 2630 1334 2634 ’

381 2715 476 2780 bello.

211 2821 391 2887 Usurum
422 2842 462 2885 se
493 2821 596 2907 Vogel
627 2822 754 2907 scripsit
784 2844 826 2887 ex
848 2823 1032 2887 coniectura
1055 2822 1158 2907 Hugii
1181 2823 1283 2908 (Phil.

166 2930 249 2993 Anu.
268 2928 331 2993 ΠΙ.
351 2951 381 3014 0.
405 2929 481 3012 172)
502 2949 559 3012 pro
579 2928 724 2993 codicum
744 2950 818 2994 mss.
842 2950 1013 3012 usurus,
1036 2929 1121 3011 quod
1143 2930 1285 2994 Eussner

168 3034 331 3115 (Jahresb.
357 3035 391 3098 in
414 3035 533 3099 Philol.
557 3034 701 3100 XXXII.
726 3057 756 3120 p.
784 3037 860 3120 172)
884 3035 1026 3100 retinere
1048 3036 1160 3100 voluit.
1181 3037 1284 3120 Vogel

168 3149 356 3224 argumenta
378 3163 435 3205 000
457 3141 595 3227 sumpsit
617 3163 635 3206 e
655 3163 799 3207 sermone
819 3143 971 3224 militari,
991 3163 1073 3228 quae
1094 3142 1173 3229 quin
1186 3143 1286 3226 ⁴firma

168 3247 234 3310 sint
264 3247 409 3312 dubitare
439 3268 503 3310 000
533 3248 646 3314 ausim.
682 3251 839 3316 Attamen
868 3249 1039 3312 lectionem
1070 3270 1285 3335 00000000

168 3353 322 3418 00001000
354 3373 499 3417 sermone
530 3375 594 3418 non
618 3353 806 3437 abhorrere,
829 3355 914 3441 quod
937 3356 1086 3420 nonnulli
1111 3357 1283 3422 contende·

166 3467 261 3545 runt,
292 3467 421 3547 praeter
449 3461 534 3524 locos
557 3483 576 3524 a
598 3461 733 3545 Vogelio
757 3462 871 3526 allatos
896 3462 1004 3542 (VIII.
1031 3464 1081 3526 10.
1106 3465 1126 3525 2
1151 3468 1184 3526 00
1207 3463 1282 3529 VII.

168 3571 197 3633 2.
223 3570 278 3653 37)
302 3567 356 3632 hic
375 3587 502 3653 quoque
522 3568 636 3652 probat
656 3567 750 3632 VIII.
773 3572 802 3634 5.
826 3572 862 3632 1:
882 3589 924 3633 ex
944 3569 1091 3634 omnibus
1110 3570 1284 3655 provinciis

166 3675 266 3740 XXX
297 3675 386 3739 milia
417 3675 580 3739 iuniorum
605 3675 670 3758 legi
693 3677 788 3739 iussit
811 3682 843 3740 et
866 3677 906 3740 ad
929 3698 963 3741 se
987 3683 1111 3741 armata
1133 3677 1283 3762 perduoi,

167 3781 292 3847 obsides
316 3782 411 3848 simul
435 3781 601 3846 habiturus
624 3787 656 3846 et
679 3782 809 3847 milites.

165 3996 230 4064 III.
254 3999 283 4063 6.
311 3999 368 4060 11;
388 3997 464 4062 ‘Oro
498 4017 697 4082 quaesoque,
732 3997 848 4061 omisso
883 4003 971 4062 metu
1001 4004 1112 4083 patere
1143 3996 1283 4064 medica·

388 4109 531 4169 mentum
555 4104 680 4192 concipi
703 4104 813 4169 venis:
835 4105 912 4169 laxa
934 4105 1098 4192 paulisper
1120 4105 1283 4192 animum,

1164 4214 1180 4267 2
