3034 4834
802 304 841 368 18

478 521 574 585 quem
589 501 816 585 intempestiva
828 500 1045 565 sollicitudine
1057 502 1152 565 amici
1163 522 1240 565 sane
1252 502 1374 585 fideles,

478 607 534 671 sed
557 607 690 671 moleste
714 607 818 670 seduli
841 607 992 672 turbant’.

301 715 491 779 Turbant
521 714 561 778 ad
593 713 761 799 epistolam
792 719 916 798 spectat
944 734 1008 795 qua
1031 713 1116 777 lecta
1139 715 1224 798 regis
1247 717 1374 780 animus

257 821 351 886 valde
381 826 557 884 commotus
586 820 657 884 fuit.
703 820 773 893 Quo
805 819 913 883 sedato
944 820 1073 883 demum
1105 821 1374 887 medicamentum

258 949 347 992 suam
378 928 444 991 rim
475 946 625 991 exercere
656 946 748 1011 posse
778 926 922 990 medicus
951 933 1071 992 monet.
1107 927 1177 1000 Qua
1208 929 1248 993 de
1278 950 1374 994 causa

240 1034 369 1102 ,dubito
392 1055 433 1098 an
457 1033 619 1118 scripserit
642 1031 676 1097 O.
701 1033 939 1097 turbarunt.

256 1246 319 1312 ΙΙΙ.
348 1251 374 1312 1.
403 1249 459 1310 14;
480 1246 629 1330 Namque
660 1247 812 1332 epistola,
844 1247 1032 1332 priusquam
1060 1247 1090 1313 ei
1114 1247 1317 1333 redderetur,
1341 1251 1377 1314 in

479 1373 593 1416 manus
631 1351 812 1416 Alexandri
847 1362 1056 1438 pervenerat,
1090 1357 1270 1440 lectamque
1303 1377 1374 1421 eam

481 1460 538 1543 [et]
581 1458 682 1543 ignoti
721 1458 810 1520 anuli
845 1459 952 1542 sigillo
986 1461 1129 1545 inpresso
1165 1462 1270 1528 Siseni
1304 1463 1374 1528 dari

478 1557 615 1629 iusserat
633 1566 678 1628 'ad
703 1564 937 1629 aestimandam
960 1566 1057 1630 fidem
1081 1568 1218 1632 barbari.

300 1673 404 1757 Vogel
439 1679 479 1736 et
513 1672 661 1754 inclusit,
693 1671 777 1756 quod
810 1693 903 1754 sane,
934 1677 972 1734 ut
1003 1693 1089 1736 nunc
1118 1674 1207 1736 loeus
1237 1674 1373 1758 legitur,

256 1780 334 1844 ferri
358 1799 422 1842 non
445 1784 558 1863 potest.
588 1778 669 1842 Oum
693 1779 802 1842 tamen
825 1798 953 1843 causam
975 1778 1098 1842 nullam
1123 1779 1230 1842 videre
1254 1782 1373 1863 possim

235 1887 295 1950 ,ob
328 1906 425 1971 quam
449 1884 599 1949 librarius
623 1884 695 1969 quis
719 1885 814 1948 istam
838 1884 985 1970 copulam
1008 1885 1160 1950 hocloco
1183 1885 1373 1970 inseruerit,

255 1993 333 2056 alibi
355 1993 570 2077 corruptelam
590 1991 847 2082 investigandam
868 1992 1022 2075 arbitror3
1043 1992 1169 2078 itaque,
1188 1993 1251 2056 nisi
1263 1992 1374 2077 fallor,

257 2105 297 2163 et
329 2099 538 2181 servandum,
569 2105 603 2162 at
631 2098 827 2184 inpresso
857 2099 892 2161 in
924 2099 1159 2184 inpressam
1182 2100 1374 2163 mutandum

258 2212 314 2272 est.
340 2205 388 2269 Of.
412 2206 483 2270 Liv.
508 2205 685 2269 XXXVII.
713 2208 763 2269 10.
786 2209 804 2269 7
815 2227 822 2268 :
844 2205 935 2289 signo
954 2226 1011 2293 suo
1031 2207 1204 2290 impressae
1224 2207 1373 2272 tabellae.

301 2313 445 2377 Verbum
484 2313 751 2398 inpressam
786 2318 917 2397 propter
951 2312 1101 2396 sigillo
1137 2313 1374 2378 substantivum

257 2419 342 2504 quod
385 2420 532 2505 proxime
571 2419 749 2502 antecedit,
784 2419 879 2483 facile
913 2419 948 2481 in
982 2419 1177 2504 inpresso
1213 2422 1373 2507 corrumpi

256 2527 398 2611 potuisse
421 2546 516 2590 nemo
539 2547 604 2590 non
629 2526 726 2590 videt.

257 2739 319 2806 ΙΙΙ.
347 2742 396 2804 11.
423 2743 459 2804 8:
480 2739 566 2822 Ergo
600 2739 700 2803 frater
732 2739 802 2802 eius
833 2738 1011 2821 Oxathres,
1042 2759 1115 2802 cum
1146 2739 1373 2813 Alexandrum

478 2846 599 2910 instare
634 2845 664 2909 ei
700 2851 861 2927 cerneret,
893 2846 1031 2928 equites,
1063 2847 1179 2931 quibus
1209 2852 1373 2932 praeerat,

480 2958 554 3016 ante
578 2953 683 3038 ipsum
708 2973 838 3016 currum
861 2953 946 3036 regis
968 2953 1096 3017 obiecit.

178 3089 180 3096 ·
301 3059 365 3124 Pro
399 3060 513 3142 regis
547 3059 706 3144 corrigere
737 3057 835 3122 velim
866 3060 957 3142 regi
987 3080 1029 3125 sc.
1060 3059 1266 3143 Alexandro,
1298 3080 1373 3123 nam

257 3173 482 3252 praeterquam
513 3166 597 3252 quod
629 3166 669 3230 ad
700 3166 834 3229 verbum
865 3165 1026 3229 obiecit
1053 3166 1216 3230 obiectum
1235 3165 1374 3250 ¹aliquod

257 3294 352 3357 aegre
385 3272 602 3356 desideratur,
634 3273 733 3336 verba
763 3293 845 3354 quae
876 3272 1074 3356 praecedunt
1104 3294 1167 3336 non
1199 3274 1309 3337 sinunt
1339 3279 1375 3336 ut

257 3382 413 3446 vocabulo
455 3380 570 3464 regis
604 3380 721 3444 iterum
758 3379 877 3442 Darius
912 3380 1125 3463 significetur3
1160 3387 1236 3444 sunt
1268 3380 1373 3444 enim:

257 3489 378 3573 quippe
418 3487 542 3552 Dareus
576 3509 670 3551 curru
704 3486 851 3550 sublimis
885 3483 1065 3569 eminebat,
1099 3493 1131 3550 et
1165 3487 1231 3549 suis
1265 3485 1304 3548 ad
1340 3505 1374 3548 se

258 3594 414 3660 tuendum
444 3601 476 3658 et
506 3595 650 3658 hostibus
672 3593 712 3657 ad
736 3593 959 3657 incessendum
983 3594 1097 3676 ingens
1120 3593 1374 3656 incitamentum.
1429 3595 1433 3614 ¹

259 3702 343 3787 Ergo
367 3723 394 3766 e.
408 3723 438 3786 q.
453 3722 475 3766 s.

258 3913 320 3979 ΠΙ.
348 3917 397 3980 11.
423 3916 481 3979 22:
502 3914 599 3979 Omni
619 3913 751 3999 planctu
773 3914 985 3996 tumultuque,
1006 3917 1100 3996 prout
1115 3912 1232 3999 cuique
1245 3913 1375 3978 fortuna

504 4027 588 4104 erat,
612 4026 716 4084 castra
738 4021 952 4106 repleverant.

303 4128 436 4197 Codices
469 4150 543 4194 mss.
578 4129 732 4214 omnia3
768 4127 877 4193 omni
911 4127 1094 4192 coniectura
1128 4127 1282 4193 Hedickii
1315 4132 1373 4194 est.
