3034 4834
756 931 785 1012 I.

256 1145 388 1212 Codices
419 1167 529 1210 omnes
561 1143 731 1209 Ourtianos
752 1144 920 1206 lacunosos
943 1163 1012 1206 esse
1036 1179 1076 1186 —
1101 1140 1135 1203 id
1158 1139 1330 1225 quodiam

211 1253 290 1316 chs
303 1250 329 1337 ¹)
367 1251 532 1316 contendit
567 1290 607 1298 —-
640 1271 733 1315 nemo
765 1254 871 1334 negat.
913 1249 1006 1313 Idem
1036 1268 1099 1333 quo
1129 1245 1331 1309 manifestius

211 1365 383 1445 appareret
405 1365 545 1445 quantus
567 1365 650 1422 esset
673 1359 863 1421 lacunarum
886 1357 939 1420 vel
959 1356 993 1418 in
1012 1353 1142 1441 optimis
1160 1373 1331 1435 numerus,

211 1465 246 1529 in
277 1487 378 1530 unum
410 1466 539 1549 collegit
565 1466 649 1530 locos
673 1485 727 1528 eos
751 1464 868 1550 quibus
892 1463 990 1527 verba
1013 1460 1140 1545 singula
1164 1461 1215 1524 vel
1238 1460 1331 1544 plura

212 1572 412 1636 exciderunt.
449 1572 573 1648 Quibus
595 1593 714 1658 paucos
738 1569 856 1635 addere
880 1570 960 1632 mihi
984 1570 1090 1634 liceat.

211 1785 274 1856 ΙΙΙ.
301 1788 350 1848 11.
376 1783 569 1872 4:1amque
598 1784 724 1848 inmissi
757 1784 790 1847 in
822 1783 965 1848 medium
991 1783 1164 1848 Persarum
1188 1780 1331 1866 undique

434 1892 619 1956 circumfusi
650 1892 779 1976 egregie
802 1891 1156 1975 regem-tuebantur,
1180 1888 1235 1952 sed
1259 1908 1332 1951 con-

435 1998 510 2062 ferti
553 2004 585 2063 et
627 1999 718 2084 quasi
761 1999 970 2063 cohaerentes
1005 1983 1071 2062 tela
1104 1997 1233 2061 vibrare
1268 2014 1333 2058 non

434 2111 598 2191 poterant:
632 2105 728 2168 simul
760 2112 853 2169 erant
882 2106 1015 2180 emissa,
1047 2105 1081 2168 in
1107 2096 1235 2168 eosdem
1259 2122 1333 2165 con·

434 2212 597 2276 currentia
639 2211 892 2296 inplicabantur.
918 2212 1049 2297 levique
1084 2217 1117 2274 et
1149 2231 1232 2273 vano
1265 2209 1333 2271 ictu

435 2339 538 2408 pauca
579 2319 613 2382 in
656 2319 797 2401 hostem,
832 2319 926 2404 plura
961 2301 995 2382 in
1029 2318 1164 2381 humum
1199 2315 1333 2380 innoxia

437 2427 602 2507 cadebant.

259 2532 360 2617 Vogel
383 2523 550 2597 inmissi
575 2533 697 2618 recepit
720 2554 763 2598 ex
782 2533 884 2597 Fossii
906 2533 1088 2598 coniectura
1108 2554 1164 2618 pro
1183 2529 1333 2615 ipsi(e),

213 2640 281 2724 ipse
306 2641 497 2706 vocabulum
520 2661 660 2724 regem
684 2640 837 2705 inserens.
871 2641 1031 2727 Equidem
1052 2641 1186 2704 alteram
1207 2657 1334 2725 quoque

214 2747 393 2812 sententiae
416 2752 541 2832 partem
565 2747 682 2812 mendo
705 2747 852 2812 laborare
874 2749 1026 2834 suspicor.

259 2854 406 2939 Kin0h2)
437 2854 504 2918 iam
528 2854 653 2917 monuit
677 2875 741 2918 non
764 2855 872 2918 omnia
895 2855 961 2919 tela
982 2855 1017 2918 in
1040 2854 1168 2919 eosdem
1191 2852 1335 2917 coniecta

215 2981 300 3043 esse,
324 2982 387 3046 qua
410 2961 450 3025 de
474 2981 569 3024 causa
594 2959 732 3025 delenda
755 2982 824 3024 esse
847 2962 973 3024 censuit
993 2961 1092 3026 uerba
1108 2961 1149 3024 in
1170 2959 1335 3024 eosdem

215 3073 251 3130 ut
280 3088 322 3131 ex
352 3067 445 3131 initio
468 3067 558 3142 olim¹
577 3068 740 3154 sequentis
764 3089 874 3132 versus
897 3075 976 3133 crta.
1013 3068 1085 3132 Non
1109 3066 1213 3132 credo.
1251 3055 1333 3130 Uon-

216 3173 391 3238 sideremus
414 3180 522 3238 autem
546 3175 624 3260 quid
648 3175 717 3238 fieri
740 3196 871 3239 necesse
895 3176 937 3238 sit
960 3197 1032 3239 cum
1056 3175 1177 3239 milites
1201 3173 1336 3238 conferti

216 3285 249 3344 et
282 3280 373 3364 quasi
408 3280 633 3364 cohaerentes,
668 3287 704 3344 ut
738 3289 814 3345 sunt
846 3283 966 3365 nostri,
1000 3283 1065 3346 tela
1095 3303 1153 3346 sua
1183 3281 1336 3346 emittunt

215 3385 250 3450 in
273 3387 398 3452 hostem
421 3393 488 3450 tam
512 3389 727 3473 propinquum
750 3395 787 3452 ut
809 3390 987 3460 cornminus
1008 3409 1150 3476 pugnam
1170 3408 1336 3453 conserere

216 3499 380 3580 cogantur.
416 3493 542 3579 Nempe
573 3495 654 3578 tela,
688 3516 770 3582 quae
800 3498 893 3580 plura
924 3497 958 3560 in
984 3518 1086 3560 unum
1116 3495 1336 3577 coniciuntur,

215 3600 342 3666 facilius
369 3601 593 3666 concurrentia
616 3601 868 3687 implicabuntur
891 3625 987 3688 quam
1010 3604 1037 3666 si
1061 3603 1165 3666 maius
1188 3603 1230 3666 sit
1250 3603 1336 3665 inter

215 3713 384 3793 utramque
403 3708 505 3771 aciem
525 3707 734 3772 intervallum
751 3709 919 3795 maiusque
932 3709 1016 3774 inter
1030 3710 1173 3792 singulos
1185 3709 1335 3794 spatium,

216 3813 249 3876 id
269 3814 353 3899 quod
373 3814 748 3880 Macedonibus-accidit.
774 3815 988 3880 inserendum
1003 3817 1102 3900 igitur
1115 3816 1209 3879 credo
1222 3837 1353 3900 prono·-

252 4025 272 4090 ¹)
290 4024 325 4075 H.
347 4025 379 4075 u.
402 4025 481 4087 Foss,
503 4027 668 4089 Quaestioncs
688 4025 824 4077 Curticncc
842 4028 869 4076 in
885 4043 967 4092 progr.
985 4028 1077 4093 Gymn.
1096 4027 1243 4092 Altenburg.
1263 4028 1335 4081 18⁶2.

237 4147 243 4159 .
263 4113 276 4160 t
294 4127 306 4158 s
342 4147 348 4162 .

217 4126 235 4176 p
254 4192 274 4258 ²)
291 4125 370 4248 Oiqh'.
387 4193 487 4258 Kinch,
505 4195 670 4258 Quaestioncs
687 4197 824 4252 Ornrtianae
841 4195 963 4259 criticae,
980 4195 1098 4251 Haunicc
1115 4197 1186 4251 1883.
